2195 1567
315 535 949 650 Summau Ausgeben Aufs weinbeschreiben
474 632 786 683 Ø 6 γ. s 11 d
1205 106 1873 358 Auf die Hofclaid
1526 331 1635 383 unng
1350 469 1866 544 Item denn Neutzehennden Nouembris dises etc
1365 538 1875 593 zwayunndsechzigisten Iars hab Ich von Connra
1363 583 1865 646 den Prunner des dauidten Weigkhman Vonn
1364 629 1879 705 Vlm Par Iar khaufft Auf der Steuer dreimer ge
1369 686 1912 743 sellen Inn der Canntorey, auch thuermer Schkhands
1363 734 1880 800 dienner vnnd Organisten Chorkhlaidung aufs
1368 785 1880 851 khunfftig dreyunnd sechzigisten Iar funf stuckh
1364 840 1868 904 guet Rodt Linndische thuecher habenn In
1367 892 1859 967 hallt des Wegmaisters Strich Zetll etc.
