2127 1575
383 460 976 620 Summa Emphang von Tottenguettern
539 603 890 659 Ø 821 γ 2 s 1 d
1222 58 1840 239 Aus den Gesch
1321 229 1796 311 afften Eingenummen
1477 287 1602 347 dys Iars
1295 380 1808 448 Dis zwainndsechtzigisten Iars Sein von
1326 437 1848 493 geschafften eingenumen vnnd Emphangen
1339 472 1790 538 worden, Wie hernachvolgt
1294 570 1784 645 Den zwelfften Ianuarii hat Caspar
1331 629 1797 685 Prockh Schuessters alhie hausfrau zu
1336 668 1804 724 der Stat geschafft 5 γ d. welliche orden
1332 711 2007 789 12 Ianuarii gegen quittung zallt Idest f. 5. s. d
1268 810 1808 919 Paull Graull Seliger hat Gemainer
1327 908 1796 972 Stat geschafft zwaintzig Phundt Phen
1333 955 1823 1020 inng die bemelt zwaintzig Phundt d
1230 1079 1764 1227 Latus per Se.
