2244 1437
1900 25 1999 79 Crett
1175 35 1827 228 Auf das Paw Zu
1469 210 1698 284 Sannct Marx
1329 291 1789 360 Dises etc zweynnd sechtzigisten Iars ist
1340 353 1817 403 Auf das Paw zu Sannd Marx ganngen
1350 389 1809 457 wie hernach vnnder schiedlich zuvernem
1351 435 1407 465 nen
1320 566 1777 637 Adii denn Ersten tag Augusti hat der
1346 621 1808 680 Edl vnnd Ernuesst herr Georg Zimer
1346 665 1792 712 man des Innern Rats Erlegt Zu dem
1339 703 1775 762 Paw Zu Sannd Marx für sich selbst
1335 747 1789 812 hillffgellt in Gollt zwaintzig Phundt
1582 779 2000 866 Idest f. 20. s. d
1317 856 1811 933 Item benennten tag erlegt herr Iacob
1323 915 2011 984 Pauckher ꞩ f. 21. s. d
1233 1040 1769 1177 Latus 41 γ s. d.
