2116 1540
407 146 821 227 Zwenschillinng Zechen Phening
398 212 845 269 Dreyviertl Derhalben will mirge
399 256 847 311 puren bemelte Suma Dennen vnder
395 293 833 351 schiedlichen personnen, Alhie auch
404 333 829 393 widerumben zu Vbernemen
484 378 1012 452 Idest f 10332 s . 2 d 10. ¾
286 458 814 566 Mer stell Ich Alhie für Einnemen
383 552 802 609 drei tausent Phundt Phening,
379 589 815 651 So Zu Ennde des verschinnen etc Ain
384 634 821 694 unnd Sechtzigisten Iars in hunger
390 678 822 729 ischen gellt Im Ambt Par verhan
379 716 828 774 von gewesen vnnd Ich vmb das sol
383 757 826 814 liche gellt selbigenmalls nit mügen
391 804 831 859 gebraucht worden, Am 279 Plat
373 847 812 904 für Ausgaben gesetzt Aber mir auf
373 889 801 946 dis 62 ten Iar widerumben zu
387 939 1002 1028 vbernemen gepürn Idest f. 3000 s. d
251 1027 832 1195 Latus 13332 γ 2 s 10 ¾ d
1258 139 1801 270 Ausgeliechen vnnd vnbe
1424 253 1607 331 zalt gellt
1310 349 1982 451 Iacob haunoldt Trait Khasstrner f. 339 s 7 d
1311 459 1764 534 Matheus Richter nach Ermelten
1346 516 1765 568 haunolt verornnder Casstner
1350 552 1798 609 Soll des herrn Adamen Zu Lindeckh
1354 596 1782 652 des Erkhaufften Trayds halben
1350 633 1759 685 Aus dem Ober Chamrer Ambt
1347 677 1780 732 zalt worden, vnnd Er zuverrait
1345 721 1982 793 schuldig f 500 s. d
1322 812 1984 912 Iter Laut zwaier Possten f 833 s 2 d 20
1304 920 1809 1008 Rom. Khay. Mt. etc. Laut funf Posten aufs
1344 989 2001 1062 gepey f. 12000 s. d
1201 1068 1779 1206 Latus 13673 γ 1 s 20 d
