2134 1579
433 481 943 622 Summa Emphang Auß Geschaften
517 609 866 662 Ø 233 γ 1 s 10 d
1226 51 1756 255 Auf die Abfart
1365 237 1661 322 Emphanngen
1250 367 1760 444 Den dritten Ianuarii ist des Hann
1279 421 1780 477 sen Anndres Burgers zu Regenspurg
1293 468 1757 520 seligen erben gwalttrager Erlegt von
1287 505 1760 563 denen guettern so er anndreas alhie
1290 542 1762 599 verlassen gemainer Stat die Abfart
1285 581 1748 645 gegen quittung drey taller thuet
1287 625 1973 704 3 tl. 4 s. Idest f. 3 s 4 d
1244 772 1776 891 Dem Zzwaintzigisten tag Ianuarii
1286 861 1776 925 haben Weillenndt Sigmunden
1294 913 1784 969 Raus Khochs Salligen nechst gesip
1301 958 1801 1030 te Erben zallt die Abfart Zwen taller
1313 1011 1996 1087 Idest f. 2. s 2 d 20
1168 1078 1798 1202 Latus 5 γ 6 s 20 d
