2266 1477
400 148 517 197 g
1232 199 1855 393 Inuentari Ver
1537 378 1665 426 hannden
1386 458 1855 539 So hab Ich in einganng diser meiner Rait
1409 515 1841 576 tung Wie gebreuchig vnnd billichen Wider
1408 561 1821 627 umben, 1076 f. 1 s 29 ½ d. souil zu
1405 612 1827 668 Ausganng des 61. Iars merlay Silber
1410 651 1840 709 geschmeit, Im Ober Camerer, Ambt ver
1401 701 1839 759 hannden, gewesen, weil dises 62istichen
1402 746 1823 804 Iar auch dauor nichts verrait so wier
1406 795 1824 853 det die selbig Suma Alhie nochmalln
1400 837 2037 917 in Ausgab gestollt, Idest f. 1076 s 1 d 29 ½
1383 925 1675 1084 Latus per se.
