2157 1556
396 466 869 582 Summa Emphang vom Trogler
481 569 809 626 Ø 189 γ 7 s 3 d
1213 65 1788 261 Vom Burger
1354 247 1805 336 recht Eingenumen
1293 342 1799 436 Nachdem alle die So das Burgerrecht
1359 420 1796 472 begern durch zwen anndere Burger
1359 458 1775 512 Alls Pürgen fur Burgermaister
1356 498 1773 552 vnnd Rat gestellt werden Seiner
1354 537 1766 597 In disem zwaiundsechtzigisten Iar
1352 580 1804 639 nachuolgunde Personnen Angenum
1356 623 1712 678 en worden wie uolgt ./.
1231 698 1786 790 Namblich den dritten Ianuarii be
1353 771 1800 826 melltes 62iste Iars ist Leopoldt Reü
1354 811 1795 872 tinger Lebzellter Zu Burger Annge
1357 853 1976 939 numen worden vnnd zallt f. 2 s. d
1309 932 1777 1001 Den 7. Ianuarii hat Hanns günßlain
1335 986 1783 1042 für das Burgerrecht zalt so Im dito
1357 1024 1978 1105 verlichen worden f. 2 s. d
1234 1117 1770 1259 Latus 4 γ s. d
