2281 1466
1261 223 1791 408 Auf das Mautt
1444 393 1639 446 haus Ausgeben
1326 430 1772 487 Item Nachdem in Gemainer Stat Wienn
1327 480 1779 542 Mauthauß die groß schnellwag, sich Auß
1334 515 1783 582 ganngen, vnnd zu mermallen mit Neu
1336 555 1774 622 en neglen Vnnd hagkhen gepessert worden
1325 607 1767 674 Aber solches nit helffen Wollen, hab Ich
1329 652 1786 715 Auf bevelch meiner herren Maister Con
1335 697 1779 758 raden Haug tischler Ain hultzen formb Ain
1332 735 1786 804 er neuen schnellwag lassen zurichten Vnndt
1309 789 1781 852 Maister Mathes N. schlosser so di neue Wag
1324 830 1779 895 machen soll zuegestollt dauon Ihnne Zu lohn
1321 870 1938 948 geben 1 th. 2 s 20 d. Idest f. 1 s 2 d 20.
1313 951 1578 1109 Latus per se.
