2296 1478
1301 191 1824 372 Auf das Wein
1483 345 1707 406 gart Pau Ausgeben
1366 403 1795 471 Denn zwaintzigisten tag Februarii diß
1388 456 1792 510 zwayunndsechzigisten Iars hab Ich dem
1387 497 1798 556 Steffan Pinnter, für Allerlay Arbait in
1387 541 1934 608 Germainer Stat Weinkheller Vt zetl f. 5 s 3 d 1
1353 696 1783 760 Denn funfunnd zwaintzigisten tag Iu
1401 744 1789 804 nii hab ich dem Maister Steffan Pinnter
1388 787 1791 849 Abermals für merlay Arbait Laut Par
1393 831 1931 906 ticular zetl vnnd Quittung bezallt f. 7. s 6 d 1
1423 908 1697 1019 Latus 13 γ 1 s 2 d
