2199 1648
544 248 993 299 seinen grunndt im obernwert
553 290 1133 366 Lautt abmessigung erlegt ꞩ. f. 5. s. d.
494 413 987 506 Adii denn 14 Augustii erlegt herr
536 489 971 544 Pettrus Wassarii Ro. Khay. Mt.
545 528 945 582 Rat vnnd Capellmaister für
542 570 995 626 seinen grundt in der Rosaw gegen
542 615 967 671 Emphachung der gwern in ge
554 652 959 707 mainer Stat Grundtpuech
553 676 1142 766 benamtliche 5 γ d. Idest f. 5 s.
500 817 988 880 Item hannsen Thoman obslerist in der
534 863 1006 928 Rosaw auch ain Platz aufgeben worden
553 910 996 959 Vmb 5 γ d weill aber ernuerung
551 953 974 1005 ens halben mit darauf gebautt
551 998 951 1051 hat Er denn Cristoffen Platzer
547 1036 978 1095 Vbergeben So dens Nouembris
543 1077 1136 1172 dies 5 tl d Erlegt Idest f. 5 s. d
369 1250 986 1402 Latus 15 γ s. d.
1320 450 1822 572 Summa Emphang vmb grundt
1430 548 1670 588 Im obern werdt
