2256 1448
1263 193 1775 387 Auf der Statt
1402 364 1639 423 Zeughaus Ausgeben
1315 422 1769 487 Item denn Ainndlifsten tag Februarii khaufft
1336 475 1761 523 ich in der Stat harnisch vnnd Rust Camer Vonn
1331 515 1768 567 Ponngratzen Kolnhouer Romischer Kay. Mt. etc.
1325 562 1777 616 gewesen haudtschier Ain ganntze guett Reitt
1323 599 1773 661 erische Rustung mit Aller zuegehorrung, dar
1333 645 1781 700 zue Ain Lanndtßkhnechtische Rustunng mit Ir
1329 679 1949 749 er Zugehorung all beedt Vt Quittunng f. 12. s. 6 d 20.
1281 745 1786 824 Mer denn 19 Februarii von Hannsen Ellennder von
1314 803 1801 859 Nuermberg Ain topel solldner so Von Rab Abzogen
1326 844 1905 926 Ain schoue Lanndtkhnechtische Rustunng khaufft f. 3 s 6 d
1314 919 1702 1059 Latus 16 γ 4 s 20 d
