2213 1617
1280 134 1865 384 Auf Kriegspill
1244 384 1851 493 Denn Ainndlifften tag Ianuarii hb Ich
1385 472 1857 540 dem Cristoffen Leidenschlag Thrumbelschlach
1377 524 1844 595 er Vnnd Hannsen Tschechen Pheiffer Vmb das
1369 582 1848 641 sy sich dito Zur Musterung der Soldaten
1361 629 1852 704 haben guet willig brauchen Lassen Nach ge
1372 684 1986 773 brauch zalt Vt Quittung f. 1 s. d.
1290 824 1836 906 Denn Zweiunnd zwaintzigisten tag No
1377 893 1842 958 uembris hab Ich sechs Spilleutten, so sich im
1374 943 1835 1023 Ein zug der turkhischen Podtschafft nebenn
1367 1022 1612 1157 Latus per se
