2166 1598
1267 172 1833 356 Aufß Ausraisen
1333 384 1839 455 Dises funftzehen hunndert vnnd zwayundt
1355 439 1839 495 sechzigisten Iars ist Aufs Außraisen, ganng
1359 483 1842 556 en Wie dann hernach Vnnderschiedlichen Zu
1368 540 1485 587 vernemen
1334 684 1840 767 Item Nachdem die hochlöblich Regierunng be
1354 755 1848 807 uolchen, das meine herren Burgermaister
1354 800 1829 864 Vnnd Rath, sollen in All stetten, fleckhen, so
1347 852 1838 915 Iarlichen der Weingartordnunng Wegen
1357 906 1834 978 Suntags nach den heilligen drey Khunig tagen
