2204 1614
341 482 938 632 Summa Ausgeben auff die Torsteer
484 616 890 662 Ø 4278 γ 3 s 3. d
1189 102 1855 360 Auf die Burger
1509 337 1629 396 Schuell etc
1340 382 1854 466 Dises etc zwayunndsechizigisten Iar hab Ich Auf
1376 446 1836 518 die Burgerschuell geben Wie dann hernach
1366 512 1456 545 vollgt
1312 558 1866 650 Denn Achzehennden Februarii hab Ich den Colle
1383 626 1870 693 giatten zu Sanndt Steffann Ier Quottem
1368 678 1864 741 ber besolldung Reminiscere gegen Quittunng
1374 722 2003 800 zuegestellt Iedem drey Zehen Phfunndt d f 39. s. d.
1276 812 1870 908 Mer dem Magister Seitzen sein Quottember gelt
1372 885 1883 950 Phinngsten vor hinaus geben gegen Quittung
1384 940 2001 1011 thuet f. 13 s. d.
1399 1017 1773 1166 Latus 52 γ. s. d.
