2295 1450
1258 120 1829 391 Aufs Wechsell
1430 366 1647 422 Ambt Ausgeben
1349 416 1811 475 Item denn dritten tag Ianuarii etc dises Zwey
1359 463 1799 523 unndsechzigisten Iars hab Ich dem Cristofn
1352 506 1798 562 Moser, wexler Auf die 149 f. 3 s. d. So Er
1348 549 1796 605 Vom verschinen 61isten Iar Per Resto herauß
1344 590 1801 656 bliben, noch in Parem gueten gellt auf sein
1355 641 1773 698 es Ambts notturfften zuegestellt, drey
1355 683 1945 752 hundert Phundt Phenning Idest f 300 s. d.
1317 761 1819 839 Denn 10 tag diß Monats hab Ich dem gedach
1353 811 1826 874 tem herren wexler Abermalß Auf sein Ambt
1349 862 1956 935 zuegestellt f 350 s. d.
1364 936 1717 1042 Latus 650 γ. s. d.
