2168 1565
483 474 940 547 Summa Emphang vom Mauthauß
485 527 881 584 Ø 5271 γ 6 s. d ½.
1187 62 1780 279 Vom Trögler
1470 249 1602 312 Ambt
1330 334 1812 427 In disem etc Zweiund Sechtzigistzen Iar
1367 403 1819 464 ist wochenlich aus dem Trogler Ambt
1371 444 1825 519 gefallen Pargellt wie hernachuolgt ./.
1334 586 1784 658 Item den Vierundtzwaintzigisten
1350 636 1788 692 Marcii hat der Trögler die gerech
1370 674 1793 729 tigkhait von den zwaintzig haring
1366 710 1799 767 ern am hochenmarckht Stannd gelt
1370 753 1794 810 von Iedem Ain Phundt Phening er
1367 794 1988 873 legt ꞩ. f. 20. s. d
1295 887 1798 963 Erstlichen emphienng Ich den monat Ianu
1348 946 1779 994 arii aus des Troglers Püxn aus zallt
1371 986 1998 1082 gellt laut Particular zetl f. 12. s 6. d
1243 1105 1817 1239 Latus 32 γ 6. s 6 d
