2134 1595
458 212 922 292 Khay. Mt. Chamer Rath bey der
467 283 929 339 hungerischen Chamer Gemainer
463 326 916 373 Stat auf Ain Iarlanng der gelichen
462 366 894 422 Ain tausent Phundt Phening in
458 409 911 457 Lautter Tallern Vom hundertt
462 450 942 505 Sechs gulden Zins Innhallt gegebner
460 506 904 548 geuertigten obligation doch derge
465 542 920 593 stallt weill die Romisch Khayserlich
464 584 916 635 Mt auf ain gemaine Raths be
470 630 921 684 willigung Ain gedruckhte Pub
467 669 937 726 licierte müntz Ordnung Lassen Auß
466 710 928 767 geen darinnen die guetten tallern
468 756 941 808 nur Auf 68 kr. voluiert Derhalb
463 795 925 860 en Ichs diser Zeit auch nit hocher wel
463 845 923 893 len Annemen das er herr Arm
471 886 930 940 brusster Aber sich verschriben In
471 925 927 975 gleichem Wert der Taller Sych
467 969 936 1035 widerumben zubezallen Lassen
472 1027 965 1086 wie dann Herr Georg Zimmerman
1324 147 1799 245 des Inndern Rats destwegen guet
1362 225 1790 284 wissen hat der halben soll Ich sol
1362 261 1771 334 liche Summa alhie für Emphanng
1547 304 2016 385 Idest f. 1000. s. d
1314 412 1806 493 Dem Aindlifften tag Februarii dises
1349 470 1803 535 zwaiunsechtzigisten Iars hat die frau
1354 519 1810 575 Fuxpergerin mir zu der Stat handen
1347 555 1789 620 Erlegt 171 taller 4 s d zu Siben
1352 598 1844 663 zig Khreitzer huet In müntz 200 γ d.
1354 645 1810 706 auf Ainhalbs Iarlanng Von hundert
1332 693 1988 765 Sechs Phundt denn Zins Zugeben Idest f 200 s. d
1241 843 1804 982 Adii denn 25 Marcii haben der
1355 947 1797 1020 Edl Vnnd vesst herr Ferdinanndt
1244 1086 1824 1266 Latus 1200 γ s. d
