2217 1616
1258 38 1913 249 Widerumb bezalt
1557 234 1662 299 Geltt
1380 370 1869 483 Denn Erstenn tag Maii hat mir der
1396 455 1855 517 Edl vnnd vesst Herr Hanns Moser
1409 498 1906 556 Der verornnden Ainer Ersamen Land
1417 537 1886 599 schafft Einnemer die funf tausent
1420 579 1907 645 Phundt Phening So verschines 61tes Iar
1419 624 1899 686 berurter Lanndschafft In hungerischen
1422 671 1887 723 dargelichen der gestallt Richtig ge
1427 710 1866 765 macht Nemblichen Nachdem Ge
1426 750 1877 803 maine Stat het sollen bemelten
1421 794 1874 854 dito Ann Irem Annschlag dises etc.
1419 839 1887 905 62isten Iars ain Suma gellts Erlegen
1426 883 1880 948 ist dis obanngeregte Suma der
1410 929 1877 1014 Funftausennt Phund Phening dar
