<?xml version="1.0" encoding="UTF-8" standalone="yes"?>
<PcGts xmlns="http://schema.primaresearch.org/PAGE/gts/pagecontent/2013-07-15" xmlns:xsi="http://www.w3.org/2001/XMLSchema-instance" xsi:schemaLocation="http://schema.primaresearch.org/PAGE/gts/pagecontent/2013-07-15 http://schema.primaresearch.org/PAGE/gts/pagecontent/2013-07-15/pagecontent.xsd">
    <Metadata>
        <Creator>prov=READ-COOP:name=PyLaia@TranskribusPlatform:version=2.23.0:model_id=293513:lm=none:date=23_02_2025_12:51</Creator>
        <Created>2025-02-18T15:31:10.213+01:00</Created>
        <LastChange>2025-02-27T13:28:30.156+01:00</LastChange>
        <TranskribusMetadata docId="6981834" pageId="91763136" pageNr="317" tsid="231157242" status="GT" userId="234" imgUrl="https://files.transkribus.eu/Get?id=BPQHKJJIPAHJWZJDPRGWEXLV&amp;fileType=view" xmlUrl="https://files.transkribus.eu/Get?id=HZFVZLUIZPZIWHAKEYKJHAAE" imageId="76570939"/>
    </Metadata>
    <Page imageFilename="0317_WSTLA-OKA-B1-1-095-1_00318.jpg" imageWidth="2272" imageHeight="1454">
        <ReadingOrder>
            <OrderedGroup id="ro_1740659310156" caption="Regions reading order">
                <RegionRefIndexed index="0" regionRef="region_122721454"/>
                <RegionRefIndexed index="1" regionRef="region_222721454"/>
            </OrderedGroup>
        </ReadingOrder>
        <TextRegion id="region_122721454" custom="readingOrder {index:0;} structure {type:page_1;}">
            <Coords points="0,0 1136,0 1136,1454 0,1454"/>
            <TextLine id="tl_1739897053" custom="readingOrder {index:0;}">
                <Coords points="425,474 426,508 430,511 438,513 448,525 458,528 461,532 464,545 478,558 480,562 488,564 509,563 519,559 528,558 538,550 545,549 559,543 611,543 643,548 729,548 752,550 783,550 812,547 858,548 900,554 925,554 931,551 932,546 931,531 928,529 889,519 865,517 832,507 794,504 721,508 710,512 682,512 664,508 605,506 578,501 569,494 568,436 565,431 553,428 520,429 508,433 488,435 475,440 467,441 455,448 444,451 441,459 428,467"/>
                <Baseline points="425,530 932,530"/>
                <TextEquiv>
                    <Unicode>Summa Ausgab auf das wein</Unicode>
                </TextEquiv>
            </TextLine>
            <TextLine id="tl_1739897063" custom="readingOrder {index:1;}">
                <Coords points="822,552 820,551 815,551 814,550 781,550 780,549 745,551 744,550 736,550 731,547 724,547 723,546 709,546 708,545 705,545 704,546 679,546 678,547 618,547 617,546 577,546 576,547 558,547 557,548 547,549 545,551 540,552 536,555 536,576 538,578 540,578 541,579 553,579 554,578 566,578 567,577 590,578 591,577 600,577 601,576 611,575 617,572 622,572 628,568 634,568 635,567 656,567 657,568 723,568 724,569 732,570 737,573 744,574 747,577 749,577 750,578 766,579 771,577 775,577 782,573 786,573 790,571 798,570 802,568 809,567 811,566 812,564 821,560 822,558"/>
                <Baseline points="536,569 822,569"/>
                <TextEquiv>
                    <Unicode>gartenpau vnnd Lesen</Unicode>
                </TextEquiv>
            </TextLine>
            <TextLine id="tl_1739897061" custom="readingOrder {index:2;}">
                <Coords points="900,572 899,571 899,567 897,565 887,565 886,564 867,565 858,568 838,570 837,571 828,572 825,574 820,574 814,576 791,579 785,581 778,581 771,583 766,581 757,580 750,576 737,573 713,573 712,574 703,574 694,576 675,576 666,574 658,574 653,572 648,572 636,569 621,568 620,569 608,569 607,570 591,571 584,573 575,579 564,581 558,587 558,595 560,597 567,599 573,604 576,604 585,609 592,609 593,610 623,610 624,609 641,608 642,607 666,607 694,613 715,615 716,616 739,616 744,614 752,614 753,613 770,613 782,616 789,616 796,618 810,618 811,619 870,618 871,617 883,617 898,613 899,611 899,601 900,600 900,585 899,584"/>
                <Baseline points="558,603 900,603"/>
                <TextEquiv>
                    <Unicode>Ø 718 γ 5 s 4 ½ d</Unicode>
                </TextEquiv>
            </TextLine>
            <TextEquiv>
                <Unicode></Unicode>
            </TextEquiv>
        </TextRegion>
        <TextRegion id="region_222721454" custom="readingOrder {index:1;} structure {type:page_2;}">
            <Coords points="1136,0 2272,0 2272,1454 1136,1454"/>
            <TextLine id="tl_1739897064" custom="readingOrder {index:0;} headline {offset:0; length:15; continued:true;}">
                <Coords points="1267,277 1267,376 1275,381 1373,381 1394,375 1411,373 1504,371 1561,365 1650,364 1673,362 1693,357 1788,356 1813,345 1818,337 1818,269 1814,261 1805,258 1794,250 1730,249 1713,257 1671,258 1634,241 1623,238 1612,228 1594,224 1570,226 1556,235 1538,241 1511,241 1499,234 1485,231 1474,225 1449,224 1430,218 1421,210 1406,204 1403,195 1388,184 1381,171 1374,164 1355,158 1335,157 1323,161 1312,167 1301,183 1289,194 1285,253 1282,259 1270,268"/>
                <Baseline points="1267,325 1818,325"/>
                <TextEquiv>
                    <Unicode>Abschreiben vnd</Unicode>
                </TextEquiv>
            </TextLine>
            <TextLine id="tl_1739897059" custom="readingOrder {index:1;} headline {offset:0; length:20; continued:true;}">
                <Coords points="1692,364 1688,361 1684,361 1680,359 1673,359 1672,358 1666,358 1665,357 1650,356 1649,357 1645,357 1640,359 1636,359 1632,361 1627,361 1623,363 1605,363 1604,362 1597,362 1596,361 1585,361 1584,362 1580,362 1579,363 1569,363 1568,364 1534,364 1533,365 1513,366 1512,367 1499,367 1498,368 1490,369 1484,372 1471,372 1464,369 1460,369 1459,368 1455,368 1454,367 1437,367 1436,368 1432,368 1431,369 1431,406 1433,407 1466,407 1467,408 1474,409 1477,411 1484,412 1485,413 1529,413 1535,410 1540,409 1546,405 1548,405 1555,402 1564,402 1565,401 1573,401 1574,400 1616,399 1617,398 1632,397 1633,396 1642,395 1647,393 1659,393 1660,392 1664,392 1665,391 1674,391 1675,390 1681,390 1682,389 1689,389 1692,387"/>
                <Baseline points="1431,398 1692,398"/>
                <TextEquiv>
                    <Unicode>Nachlaß der Schulden</Unicode>
                </TextEquiv>
            </TextLine>
            <TextLine id="tl_1739897050" custom="readingOrder {index:2;}">
                <Coords points="1796,460 1794,453 1784,450 1778,443 1773,441 1744,436 1718,436 1709,438 1686,439 1681,441 1652,445 1638,450 1617,451 1608,453 1591,453 1571,457 1544,465 1523,465 1491,459 1472,462 1462,466 1444,470 1422,467 1416,460 1405,456 1402,452 1402,449 1398,446 1376,444 1358,448 1355,451 1354,502 1355,508 1357,510 1371,515 1397,516 1415,512 1423,508 1433,507 1440,502 1474,496 1499,496 1511,498 1521,503 1529,504 1541,509 1561,507 1570,500 1578,499 1587,494 1603,490 1624,490 1630,492 1637,498 1660,501 1665,497 1684,489 1692,488 1703,484 1730,484 1752,488 1790,488 1794,486 1796,480"/>
                <Baseline points="1354,496 1796,496"/>
                <TextEquiv>
                    <Unicode>Thoman Ottinnger Zinngiessers vnnd ge</Unicode>
                </TextEquiv>
            </TextLine>
            <TextLine id="tl_1739897052" custom="readingOrder {index:3;}">
                <Coords points="1803,498 1802,492 1796,489 1780,490 1753,495 1742,495 1710,490 1696,490 1678,493 1674,499 1652,506 1645,503 1643,500 1634,499 1628,496 1609,495 1584,501 1578,506 1566,509 1560,513 1541,515 1528,509 1521,508 1514,502 1494,499 1475,500 1432,507 1416,513 1396,513 1384,510 1382,508 1365,507 1359,512 1359,543 1364,546 1377,548 1419,548 1469,542 1517,541 1551,537 1573,538 1589,541 1598,538 1608,537 1619,532 1649,528 1674,528 1682,526 1709,526 1737,532 1744,536 1759,539 1778,541 1796,540 1802,537 1802,534 1796,530 1802,527"/>
                <Baseline points="1359,531 1803,531"/>
                <TextEquiv>
                    <Unicode>wesnen haubtmans Auf dem Taber gelass</Unicode>
                </TextEquiv>
            </TextLine>
            <TextLine id="tl_1739897056" custom="readingOrder {index:4;}">
                <Coords points="1799,548 1797,545 1789,543 1770,542 1731,533 1700,530 1664,531 1655,533 1634,534 1615,538 1606,542 1589,545 1577,542 1554,543 1527,550 1480,550 1479,549 1448,550 1440,548 1419,547 1387,548 1383,551 1367,555 1363,558 1363,586 1369,589 1390,589 1410,593 1454,593 1461,589 1468,589 1475,587 1534,589 1555,585 1573,584 1587,588 1606,589 1647,577 1674,574 1680,572 1702,570 1794,569 1799,566"/>
                <Baseline points="1363,575 1799,575"/>
                <TextEquiv>
                    <Unicode>enn Vnngeuogten Erben, ist Innhallt meiner</Unicode>
                </TextEquiv>
            </TextLine>
            <TextLine id="tl_1739897054" custom="readingOrder {index:5;}">
                <Coords points="1803,580 1797,577 1780,576 1670,577 1637,580 1607,585 1564,586 1539,591 1477,591 1456,594 1409,594 1402,591 1363,588 1352,592 1361,593 1361,597 1349,599 1348,602 1344,603 1343,630 1347,636 1358,639 1437,639 1445,635 1460,633 1529,629 1551,630 1582,634 1603,632 1619,629 1628,625 1675,618 1704,618 1774,630 1784,630 1790,627 1792,623 1788,620 1788,618 1797,615 1803,611"/>
                <Baseline points="1343,621 1803,621"/>
                <TextEquiv>
                    <Unicode>Vertigen Raittunng des etc Ainunndsechzigist</Unicode>
                </TextEquiv>
            </TextLine>
            <TextLine id="tl_1739897062" custom="readingOrder {index:6;}">
                <Coords points="1787,637 1784,634 1759,629 1751,626 1719,623 1665,622 1648,624 1639,627 1633,627 1609,633 1599,634 1595,636 1580,638 1556,638 1532,633 1507,633 1476,637 1461,637 1453,639 1445,639 1437,643 1411,643 1374,638 1352,638 1349,639 1347,642 1347,676 1350,678 1388,682 1423,682 1450,678 1464,674 1488,672 1512,672 1540,677 1564,676 1569,674 1581,673 1584,670 1595,669 1602,665 1631,661 1736,660 1750,662 1754,664 1784,664 1787,659"/>
                <Baseline points="1347,667 1787,667"/>
                <TextEquiv>
                    <Unicode>en Iars Laut Ratschlags des datum denn 19</Unicode>
                </TextEquiv>
            </TextLine>
            <TextLine id="tl_1739897055" custom="readingOrder {index:7;}">
                <Coords points="1793,670 1786,665 1776,662 1734,661 1690,668 1603,671 1590,673 1581,677 1570,678 1565,680 1534,682 1511,682 1505,681 1504,678 1498,677 1460,678 1457,680 1445,681 1437,684 1381,684 1366,680 1346,685 1344,690 1344,724 1483,725 1521,720 1527,718 1580,718 1586,716 1599,715 1606,712 1630,709 1661,709 1686,716 1709,718 1724,716 1731,713 1752,709 1779,706 1791,703 1793,701"/>
                <Baseline points="1344,709 1793,709"/>
                <TextEquiv>
                    <Unicode>Februarii zubezalltunng Aines Purgkhrechten</Unicode>
                </TextEquiv>
            </TextLine>
            <TextLine id="tl_1739897060" custom="readingOrder {index:8;}">
                <Coords points="1790,723 1785,715 1777,713 1732,713 1716,716 1699,716 1679,713 1643,713 1619,716 1613,719 1604,720 1596,723 1574,723 1560,719 1534,718 1523,719 1517,722 1482,727 1459,727 1436,730 1405,728 1351,729 1348,730 1345,735 1345,764 1346,767 1355,769 1424,763 1466,763 1475,761 1531,762 1559,759 1588,760 1619,756 1640,755 1660,760 1663,762 1664,765 1668,767 1675,767 1681,769 1703,769 1729,761 1740,760 1749,757 1779,755 1786,753 1790,745"/>
                <Baseline points="1345,755 1790,755"/>
                <TextEquiv>
                    <Unicode>Zinns Weillernt Veitten Bischoffen seligen</Unicode>
                </TextEquiv>
            </TextLine>
            <TextLine id="tl_1739897057" custom="readingOrder {index:9;}">
                <Coords points="1804,766 1803,760 1799,757 1776,756 1732,761 1718,765 1702,767 1680,765 1653,757 1627,757 1620,760 1608,762 1607,766 1602,769 1579,771 1572,768 1551,766 1534,769 1513,769 1504,766 1485,764 1385,765 1351,768 1346,770 1345,776 1345,813 1508,813 1537,811 1578,801 1586,801 1593,799 1617,799 1636,797 1673,797 1713,803 1733,803 1757,799 1785,797 1802,792 1804,787"/>
                <Baseline points="1345,798 1804,798"/>
                <TextEquiv>
                    <Unicode>Erben dargelichen worden, Aus dem Ober Cam</Unicode>
                </TextEquiv>
            </TextLine>
            <TextLine id="tl_1739897058" custom="readingOrder {index:10;}">
                <Coords points="1788,803 1786,801 1781,800 1752,802 1643,800 1569,807 1552,810 1546,813 1539,813 1530,816 1522,816 1514,818 1483,814 1451,813 1438,811 1396,811 1351,818 1345,822 1344,856 1348,859 1420,856 1447,858 1499,858 1521,862 1572,862 1585,858 1597,857 1617,851 1635,848 1680,846 1716,840 1757,840 1764,842 1781,842 1788,838"/>
                <Baseline points="1344,845 1788,845"/>
                <TextEquiv>
                    <Unicode>erer Ambt Ainndliff Phunndt zwenn schill</Unicode>
                </TextEquiv>
            </TextLine>
            <TextLine id="tl_1739897051" custom="readingOrder {index:11;} unclear {offset:33; length:6;}">
                <Coords points="1794,851 1791,845 1775,842 1720,842 1689,846 1640,856 1612,858 1593,857 1549,862 1483,861 1442,858 1435,856 1403,855 1354,857 1348,859 1348,913 1353,916 1374,917 1448,917 1547,913 1653,914 1688,916 1739,915 1760,910 1762,908 1763,900 1766,897 1773,895 1782,889 1793,886"/>
                <Baseline points="1348,896 1794,896"/>
                <TextEquiv>
                    <Unicode>tinng Phenninng, wil Aber Auf Ir Supkhl Inen</Unicode>
                </TextEquiv>
            </TextLine>
            <TextEquiv>
                <Unicode></Unicode>
            </TextEquiv>
        </TextRegion>
    </Page>
</PcGts>
