2353 1716
1343 154 1972 402 Ausgelichen geldt
1405 438 1952 522 Dises zwayunnd Sechzigisten Iar hab Iche
1440 509 1968 576 Auf Beuelch Gellt Außgelichen Von Gemain
1442 565 1971 644 er Stat Wie dann hernach mit Vnnderschied
1440 621 1773 707 lichen Possten zuuvernemen
1412 787 1953 874 Adii denn Achten tag Ianuarii dises zway
1442 865 1965 931 unnd Sechzigisten Iars hab Ich dem Abraham
1439 921 1938 995 fuessl Gemainer Stat Ziegelschaffer
1427 984 2004 1053 Auf seines Ambts notturfften gegen Quittung
1431 1041 2140 1133 Vnnd Ratschlag zugestellt 100 f. Rh. Idest f. 100 s. d
1456 1116 1714 1304 Latus per se.
