2233 1603
1276 59 1881 236 Aus Teichunng
1538 217 1738 294 des Vleisch
1369 315 1865 390 Item Nachdem In Einganng dises etc.
1392 378 1881 435 zwaiund Sechtzigisten Iars ann Vleisch
1401 417 1872 476 Noch Menngl erschinnen der Vrsachen
1412 459 1848 518 Ich auf meiner herrn Beuelich
1410 506 1862 570 mer Viech einkhaufft wie In Auß
1404 550 1882 607 gab vorstannden wirdet ist Aus Selb
1407 592 1854 648 nen vnnd Zuuor verhannden Oxen
1407 638 1857 697 vermug besonndern Particullar
1393 676 1875 734 Emphanngen auch was zallen Vntzt
1403 724 1846 777 Auf den 9 tag Februarii Pargellt
1412 764 1851 822 geuallen hat In Suma zusamen
1401 807 2146 887 gebracht ꞩ f 844 s 4 d 29
1358 935 1869 1023 Darzue ist Peylgellt aus den gscheln
1406 1003 1867 1074 vnnd Khrehen gelost worden Inhalt
