2146 1577
479 196 904 269 selligen Vnngeuogter Khinnder
471 259 921 304 gerhaben Acht tausennt phundt d
472 292 906 343 so der Herr N. Thrainer Burger
474 337 910 392 Zu Nürnnberg Vnnd Ermellter
466 383 897 441 Leuing Marb berurten Herrn
463 424 926 474 Hannsen Marben Innhallt Zwaier
460 466 905 522 Schuldtbrieff So Innen den Herrn
470 518 950 570 Gerhaben Enntgegen Von gemainer
462 557 935 610 Stat Rait Chamer Hinaus gegeben
465 604 930 658 dieselben Iarlichen Laut Ainer
465 649 907 700 geuertigten Obligation Inen
448 683 913 744 Darnoben Zuegestellt Iarlich
469 729 901 790 Vonn 100 f 5 Zuuerzinssenn
469 774 923 826 thuet demnach diser Emphang
465 818 921 885 Vber die Zuuor Erlegten Achttau
462 867 905 927 sennt gulden so mir Zuegestellt
461 916 937 978 In hungerischem Gellt Zwaitau
470 962 914 1033 sennt Vnnd Inn Tallern Sechs
474 1007 1102 1090 macht f 8000 s. d
399 1106 826 1307 Latus per Se.
1297 162 1755 247 Herr Ioseph Vetterl Burger Vnnd
1327 219 1770 278 des Aussern Rats hie vngeuogten
1348 255 1772 320 Tochter Barbara ist man Innhallt
1358 294 1770 365 ainer obligation der datum den 4.
1353 342 1762 407 tag Augusti verschines etc. 60isten Iars
1352 383 1750 445 gelichen gellt schuldig beliben ain
1353 424 1779 492 tausennt Phundt Phening auf Zway
1346 472 1760 533 Iarlanng Ides mit 50 γ d Zuuer
1346 507 1759 572 zinsen thuet Ain 100 Vnnd thuet Zu
1351 554 1776 608 samen Aindlif hundert Phundt d
1344 590 1786 656 weliche Suma Er Herr Vetterl gemain
1347 633 1764 687 er Stat von Neuem auf zwai Iar
1349 671 1770 730 lanng aufvorigen Zins Vnnd Neue
1341 708 1781 771 Verschreibung denn Zinns Inhenndig
1344 756 1780 811 Zuhallten bewilligt derwegen Ich
1342 799 1800 852 Dann Soliche Suma der Aindlifhundert
1343 841 1780 905 Phundt Phening Ich alhie in Emphang
1347 878 1778 945 Stell Vnnd Enntgegen die Ainhundert
1342 925 1775 1002 Phundt Phening haubt gellt sambt
