2197 1600
1215 174 1883 386 Auf der weingart
1503 363 1683 419 en übereutter
1362 478 1859 561 Item den fünften tag Augusti hab Ich dem
1383 545 1860 606 Leopoldt Latzn Vberreutter geben, Vmb das Er
1381 596 1847 661 huetter Aus dem dorfferen Allenathalben,
1377 644 1843 705 Auf den Suntag den Neunnten tag des
1384 688 1986 768 selben Monats ins Rathaus erfordert hat f 1 s. d.
1343 803 1883 909 Mer hat der herr Burgeremeister vnd Anndere
1382 899 1897 955 meine herren, des Inndern Raths sambt anndern
1386 945 1910 1022 etlichen herren Im Rathaus beim herrn Statschreiber
1400 1021 1649 1171 Latus per se.
