2235 1484
1192 195 1764 421 Auf die New Rat
1374 406 1601 457 Stuben Ausgeben
1277 435 1746 502 Item den drey Zehennten tag Februarii hab
1273 486 1745 543 ich auf Zurichtung vnnd Claidung der Neuen
1275 528 1744 590 Radtstuben khaufft, Von Maister Thomman Ain
1276 574 1741 636 Pogkhen, nagler zway Pfunndt gezinnte grosse
1272 622 1740 685 Spiesnagel mit denen die grunen tuecher seinet
1275 668 1874 738 Anngschefft worden, das Punndt p. 6 s. ꞩ. f. 1 s 4 d
1114 742 1730 827 55. Mer zallt Ich dem Neuntzehennden Februarii
1269 801 1726 867 dem Michel Richter taundler fur funf Phunndt
1264 846 1739 910 Mischunng federen, zu den Polsteren im Rathaus
1267 894 1888 967 das Phunndt Vmb 9 khreutzer ꞩ. f. s 6. d.
1271 1012 1596 1109 Latus 2 γ 2 s. d
