2207 1615
351 479 1010 626 Summa Aufgab auff die Burgerschuel
488 607 876 658 Ø 412 γ 6 s 14 d
1229 153 1881 376 Auf die Vbergeer
1469 358 1689 421 der Weingarten
1329 407 1855 481 Hanns Zerer Burger Alhie hat Vom Ersten tag
1369 470 1852 536 Ianuarii Vnntzt Auf den zwaintzigisten tag Sep
1374 523 1844 581 tembris dises zwayunndsechzigisten Iars thuet
1371 573 1849 638 funfunnd dreyssig wochen, Alß Ain Vbergeher
1370 628 1830 690 der Weingartten Vorunng der Weingart
1374 679 1836 742 Ordnunng gediennt dem Iede Wochen Ain
1374 732 2000 816 Phundt d. besoldunng gegeben thuet vu quot f. 35. s. d.
1311 862 1844 963 Mer ist Hanns Pair neben dem gedenhtem
1363 949 1852 1020 Zerer auch zu Ainem Vbergeher der Weinn
1393 1039 1659 1201 Latus per se.
