2204 1611
347 481 940 629 Summa Ausgeben auf die Torsteer
487 616 891 661 Ø 4278 γ 3 s 3 d
1178 118 1858 353 Auf die Burger
1510 331 1634 392 Schuell
1350 379 1846 460 Dises etc zweyunndsechigisten Iar hab Ich Auf
1377 442 1834 513 die Burgerschuell geben Wie dann hernach
1374 507 1451 538 vollgt
1334 551 1868 647 Denn Achtzehennden Februarii hab Ich den Colle
1381 624 1875 689 giatten zu Sanndt Steffann Ire Quottem
1370 673 1864 736 ber besolldung Reminiscere gegen Quittunng
1375 720 2012 797 zuegestellt Iedem drey Zehen Phfunndt d f 39. s. d.
1354 810 1871 906 Mer dem Magister Seitzen sein Quottember gelt
1380 881 1875 948 Phinngsten vor hinaus geben gegen Quittung
1382 934 1998 1007 thuet f. 13 s. d.
1396 1009 1776 1163 Latus 52 γ. s. d.
