2221 1652
453 186 975 298 Mer denn bemelten tag haben die
571 271 984 329 hüetter Vor dem Schottenthor in
574 307 975 362 bey sein Leopoldt Khriegldorffer
580 352 973 403 alls Perckhmaister Lautt obge
567 366 1156 445 mellten Particulars ꞩ f. 3 s d. 12
550 543 1000 618 Item die hüetter vorm Stubenthor
568 604 1001 661 auf der Lanndstras haben erlegt,
581 642 981 698 an bemelten tag in gellt ver
582 670 1171 762 mug verzaichnus ꞩ f. 1. s 5. d 7
571 894 1043 1009 Latus 5 γ 2 s 19 d.
1344 385 1942 526 Summa übergee gelts von weingartten
1502 499 1858 557 Ø 8 γ 6 s 23 d
