2340 1727
1316 147 2066 386 Auf die Schatzsteuer
1577 358 1835 422 Inns huebhaus
1429 451 2004 539 Denn Sechsunnd zwaintzigisten tag Iunii
1454 531 2020 588 dises zwayunndsechzigisten Iar hab Ich dem
1454 576 2004 632 herren Hannsen WidenPeunntner Rom.
1452 623 2043 692 Khay Mt ect. Vitzdomb Vnnder der Ennß An den
1452 678 2018 746 500 γ d schatz Steuer zubezallunng herren
1449 730 2037 788 Annthomi Giennger N.O. Camer Rait Rath
1448 779 2013 850 Prouision 50 γ d clain gelldt laut der
1456 831 2208 918 Quittung Idest f. 50 s. d.
1420 1034 1971 1120 Item Nachdem Weillenndt herren
1453 1104 1954 1185 Hannsen Wöltzer von Spieglfeldt
1401 1180 1823 1391 Latus per se.
