2293 1703
358 237 909 323 gelassen zwayen Simon Bernharttenn
352 303 925 371 vnnd Rueprechten gebruedern Auf etliche
347 362 923 420 Iar Lanng die Romisch Khayserlich Maiestat
356 409 909 474 die zwayhundert Phunndt Phening Proui
360 476 921 537 sion gelldt so Er herr Welltzer Iarlichen bey
352 532 925 582 gemainer Stat zuemphachen Gehabt Aller
355 577 918 641 genedigist bewilligt Vnnd ermellter herr
352 632 910 704 Rennhardt sein Sume die herren Burg
358 687 910 758 ermaister Vnnd Rathe schrifftlichen Ann
356 747 879 810 gelanngt Ihnen die bestimpten zway
353 797 913 864 hunndert Phunndt Phenning von der Zeit
350 843 895 918 hinaus zugeben habenn meine herren
345 894 886 959 Laut Ratschlags doch mit verwissen
347 950 877 1021 des herren Vitzdombs darein bewill
354 1009 877 1078 igt Weill dann auch der Ermellt
328 1059 890 1153 Herr Vitzdomb auch darann zu friden
1437 228 2018 318 gewesen hab Ich Ihnen den herren Woltzern
1433 307 2038 383 ermellte zwayhunndert Phunnd Phening gegen
1432 362 2052 429 quittunng den sechsunndzwaintzigisten Iulii
1430 407 2195 505 Anno etc. im 62isten zuegestöllt Idest f 200 s. d
1403 539 2008 633 Item den 18 Decembris hab Ich der Romischen
1434 606 2027 679 Khay Mt. etc. Rathe Vnnd Vitzdomb in Osterreich
1439 657 2043 728 Vnnder der Enns An den funfhunndert Phund
1448 704 2023 789 Phenninngen Schatz Steur bezallt vermug sein
1444 749 2189 843 er gegebnen Quittunng 50 γ d. Idest f. 50 s. d.
1401 979 2025 1088 Herren Sigmunnden Freyherr Von Her
1450 1053 2003 1124 berstain Vnnd Guetten Hag Romischer
1453 1101 2020 1175 Khayserlichen Mt. etc. N.O. Presidennt Vnnd
1405 1173 1914 1307 Latus 250 γ s. d
