2152 1571
547 159 944 241 dargelichen Aber Ir Khay. Mt.
547 225 966 278 meine herrn durch die N.O. Camer
538 265 945 322 Annlangen lassen Soliche Suma
541 308 953 363 gellts noch auf ain Iarlanng an
528 348 947 404 steen lassen Vnnd Wiewoll man
537 386 951 443 sich gwißlichen darauf verlassen
542 427 951 484 so ists doch durch woll ernenntte
547 468 951 525 meine herrn Irer Mt. auf das
546 512 960 567 letzert Iarlanng gehorsamist be
541 558 935 607 willigt worden dergleichen
544 599 939 646 hat die Khu. Wi. Zu Becham auf
548 639 951 686 nechst khumbenndern 9. Septembris
541 676 940 723 sollen die Zechen tausent gulden
543 715 945 767 so Irer Khu. Wi. Zu Becham 60iste
541 753 935 807 Iars auf zwai Iarlanng dar
546 791 932 844 gelichen auch noch auf ain iar
540 833 922 885 lanng Ausstanndt erlanngt
534 872 933 925 hat derhalben meine herrn
541 915 965 970 gedrungen gellt auftzubringen
547 952 932 1007 vnnd Von weillenndt herrn
549 1002 939 1053 Hannsen Warben seligen Vn
542 1039 974 1103 geuogter Khinnder Gerhaben
1374 148 1812 235 denn Edlen Vnnd Vessten herrn Hans
1368 218 1789 270 en Vom Thaw Stat Richter alhie
1366 259 1781 311 vnnd Leuinus Marben ainen ver
1365 303 1802 353 schreibung Vom hundert funf phundt
1359 339 1799 393 Phening zuuerzinsen Enntlechnet
1359 382 1800 428 Acht tausennt Phundt Phening welche
1361 415 1810 466 Ich heut dato den Sibenntzechennden
1359 454 1804 514 tag Apprillis Vonn gedachten herrn
1359 497 1808 552 Gerhaben in Lautter taller Em
1364 544 1808 601 Phanngen vnnd Eingenummen habe
1647 588 2027 649 Idest f 8000 s. d
1324 725 1806 822 Adii denn 23 Apprillis erlegt Mathes
1357 803 1811 866 Richter Stat Casstner aus verkhaufften
1361 850 1784 902 getraidt Ins ober Chamerer Ambt
1359 893 1773 945 gegen quittung in Tallern Vnnd
1357 927 1998 1004 groschen hab ich Emphangen ꞩ. f. 600. s. d.
1233 1042 1778 1179 Latus 8600 γ s. d
