2283 1470
470 503 947 673 Summa Ausgabn un er
546 648 932 698 Ø 760 γ 3 s 20 d
1230 181 1839 418 Auf die Groß neu
1442 397 1578 451 Glockhenn
1271 415 1787 498 Dem Neunten tag Septembrist hab Ich dem
1331 484 1772 544 Clachl in der neuen grossen glockhen, so Aber
1329 527 1779 578 malß von Ainannder gebrochen, bey Anndreen
1323 566 1785 628 Seungseisen hamerschmid zu Waldegkh, das Er
1327 611 1785 671 dennselben Wider umben gemacht vnnd hin Vnnd
1327 658 1772 733 Wider gefuert Laut Quittung 10 γ 4 s. d.
1676 700 1898 761 Idest f. 10 s 4 d
1297 750 1775 817 Item Wiewoll Verschines 59 Iar Allo Ausgab so
1326 805 1763 862 auf verneuurng vnnd behenngung der neuen
1324 844 1773 905 glockhen, Aufgeloffen ordenlich verrait hab so hat
1329 887 1769 962 doch M. Felix fabian, schlosser mich vermug neben
1335 965 1617 1106 Latus per se.
