2160 1578
486 206 919 272 denn hundert gulden Verfallen
480 259 913 313 Zinsen vnnder der Rubrickhenn
486 302 931 356 auf bezallunng des Enntlechneten
477 343 913 398 gellts wider umben In Ausgab
486 380 1105 454 stell  Idest f. 1100. s. d.
439 542 941 616 Item mer hab Ich auf meiner herrn
470 605 905 663 Beuelich aus hannden des Edlen
475 645 948 702 vnnd hochgelerten herr doctor Larentz
474 692 914 743 Khirchhamer N.O. Regiments
469 730 953 778 Rat den Neünden Nouembris Em
473 770 939 830 Phanngen Enntlechnet gellt So des
473 814 940 874 Hanns Spiegls Burgers zu Zlabing
462 857 936 915 vngeuogten Steuf Khinndern mit
461 899 935 951 Namen Barbara Anna dhorothea
471 944 935 993 Vnnd Vrsulla der frauen Khirchham
478 998 948 1058 erin rechten geschwistrietn Zuegehorig
378 1147 757 1302 Latus per Se.
1358 153 1879 227 Auf Sechs Iar Lanng dergestallt Zuuer
1363 210 1896 272 Zinsen Namblichen das erst Iar Von hund
1363 255 1879 313 ert Acht vnnd die anndern Vonn hundert
1369 298 1863 366 funff gulden in tallern Zu Sibentzehen
1364 346 1881 412 Patzen Laut ainer geferttigten Verschrib
1367 389 1872 458 ung Zwelffhundert Phundt Phening da
1362 438 1880 502 uon aber Ich Innen den Erben den halben
1359 485 1872 552 Iar Zinß So sich auf denn Neundten Ap
1349 530 1861 607 prillis des Zwayvnndsechtzigist Iar Endten
1358 584 1855 648 wierdet auf des wolernanndten herrn
1362 628 1867 696 doctor Khirchamers begern Inhanndig ge
1362 669 1864 739 lassen Wie in Ausgab Iarlicher Verzinsung
1357 722 1851 792 vermaltet thuet Achtvnndviertzig floren
1359 776 1860 852 brinngt Also die haubtsuma wie obsteet
1665 814 2038 902 ꞩ f. 1200 s. d
1323 931 1787 1121 Latus per Se.
