2292 1463
445 457 964 595 Summa ausgab auff das Rorate Cœli
556 566 943 607 Ø 17 s. d 4
1331 166 1863 372 Remanentz oder
1488 362 1753 426 Ausstenndig Schülden
1414 412 1827 476 Hanns Reitter Registrator bey der
1435 461 1840 516 N.O. Canntzley ist mier Innhallt des
1436 503 1839 558 herren Franntzen Lackhners vor mier
1439 545 1848 604 gewesen Ober Camerers Raittunng Re
1434 589 1860 643 manenntz Vbergeben von 100 f Vnngerisch
1433 635 1850 688 Auf seinem hauß Vnndern thuechlauben
1433 677 1860 738 Verschriben Ausstenndigen Zinnß 2 γ 6 s d.
1430 724 1866 777 Mer Vom etc 55 56 Vnnd 57. Iar Iedes 4 f
1433 767 1847 823 Vnngerisch zu 14 s. thuet 23. γ 6 s. Mer
1430 815 1859 864 hab ich den Zinns des 58 59 sechzigisten
1437 857 1837 917 Vnnd 61 Iar für Emphanng vnnd weil
1440 905 1842 959 nichts zallt widerumben in Remanentz
