2220 1619
1228 43 1856 234 Aus dem Zeug
1470 234 1824 325 haus Emphanngen
1384 368 1888 460 Denn funfundtzwaintzigisten tag Mar
1410 437 1861 493 tii etc. dises Zwainundsechtzigisten Iars
1412 477 1869 529 hab ich Ainem Iungen Edlman so der
1414 522 1855 573 Rom. Khay. Mt. etc hoff Trabannt
1415 558 1863 609 gewesen Vnnd auf die Mussterung
1412 597 1867 652 mit Aller Zuegehorung ain gannze
1411 632 1873 695 fues Rüsstung so geen Tiernnaw
1404 672 1866 742 Zagen Verkhaufft Vmb Siben taller
1414 721 2115 799 thuet 8 γ 1 s 10 d. Idest f 8 s 1 d 10
1278 866 1880 999 Mer denn benannten tag gedachtem
1402 963 1868 1025 Khriegs man auf ainen Iunge Ver
1324 1082 1817 1240 Latus per Se.
