2152 1663
1198 50 1885 279 Vonn der Stat
1381 239 1899 317 Grunnd Puech emphangen
1358 436 1854 528 Item in disem zwaiund Sechzigisten
1377 507 1870 568 Iar ist bey dem Niclaischen grundpuech
1388 547 1862 607 gemallen In tallern zu Achtundsecht
1380 586 1853 652 zig Khreitzern Vnnd ainen Vnger
1384 628 1876 691 ischen geldt gulden zu 108 kr. gebracht
1379 675 1879 733 Alles Lautt hannsen Sprinnger grunnd
1389 716 1872 775 puechs verwalltter Particular Acht
1390 756 1856 819 unndfunfzig Phundt zwen schillinng
1390 797 1875 863 zwaintzig ain halben Phening dauon
1386 841 1879 904 aber ausgeben vermug besonnderer
1381 883 1862 957 verzaichnus thuet 11 f. 4 s 18 d Mer
1378 936 1866 1006 dem Sprinnger den hx goldgullden
1379 984 1853 1068 Vnnd seinem Dienner ain halben
