2206 1587
1280 167 1864 359 Auf das Panntha
1493 337 1587 391 ding
1361 409 1863 477 Item Nachdem Von Allter heer Iarlichen zway
1376 467 1855 527 Panndadinng denn Gemainen Im Oberen
1381 510 1849 576 Vnnd Vnnderen Werdt gehallten, Aber Im
1374 563 1849 627 Oberen Wördt noch wenig Burgerschafft
1376 612 1855 676 verhannden Ist solchen Loblichen herkhume
1384 663 1857 724 nen gebrauch nach den funfften Iulii dises etc
1380 711 1848 771 zwayunndsechzigisten Iars beruertes Pan
1383 759 1864 816 thadinng in bemellten, Vnnderen werdt
1375 812 1864 871 offenndtlich gehallten, Vnnd druch Ordennliche
1370 859 1854 917 Whall die Ambter Von Neuem Wider
1381 910 1859 990 umben ersetzt worden, Vnnd nach dem Auch
