2400 1738
1382 150 2117 386 Auf die Lanndsteur
1668 370 1821 425 Ausgeben
1490 546 2103 634 Item Nachdem Ich verschines Ainunndsechzig
1515 619 2125 688 igisten Iars Auf meiner herren Burgermaist
1517 672 2116 738 er vnnd Rathe Ver willigung dem Hanns
1523 718 2097 802 en Moser Ainer Ersamen Lanndtschafft Ver
1522 775 2109 846 ordennten Einnember, funf tausennt Phund
1517 833 2098 905 Phenning In hunngerschen gelldt Auf wide
1522 886 2096 958 bezallunng gegen Verschreibung darge
1512 943 2101 1017 lichen Aber die selbig Suma beruerten Iars
1520 1002 2068 1077 nit hab bekhomben mugen, seinndt, sy Ge
1518 1064 2069 1149 mainer Stat, An Ierem Anschlag dises
