2225 1622
496 219 980 301 khaufft ain Neues Lannges Ror mit
484 285 988 341 seiner Zuegehorunng zu gemainer
481 324 998 387 Stat Per 17 s d erkhaufft Vmb zwen
499 355 1146 431 taller ꞩ. f. 5. s 2 d
454 472 948 555 Dem 14 Marii hab Ich hannsen
475 536 972 592 Sigersperger Burger alhie, aus
491 578 975 636 der Stat Zeughaus verkhaufft 393.
495 620 988 677 66 Schwebl Laut wag zetl den centner
495 662 981 719 Per funf Phundt so Ime Zeugwart
500 677 1158 766 vberantwort ꞩ f. 19. s 5 d 6
410 785 972 889 Mer denn 17 Marcii vier Khriegs
483 887 977 942 leüitten, so auff die mussterung geen
492 927 978 983 Thornaw Zogen verkhaufft fier furs
488 966 950 1028 Rüsstung mit Irer Zuegehorung
495 1009 989 1068 Vmb 25 taller thuet 29. γ 1 s 10 d
782 1027 1165 1124 Idest f. 29 s. 1 d 10
346 1181 955 1327 Latus 51 γ 1 s 6 d
1377 473 1979 599 Summa Emphang aus dem Zeughauß
1492 575 1828 647 Ø 59 γ 2 s 16 d
