2150 1583
330 507 895 646 Summa hier vorbemelter Ausgab
472 620 823 668 Ø 54 γ 7 d 10
1138 128 1831 357 Bezallunng Ennt
1456 323 1668 382 lehennten gelldts
1313 455 1814 536 Als Verschinenns etc Ainunnd Sechzigisten Iars
1334 523 1823 587 Gemaine Stat der Khu. Wierde Zu Behaimb
1346 570 1816 635 Vnnseren genndtigisten herren Zehen tauß
1342 622 1811 680 enndt Phunndt Phenning gehorsamblich Auf
1335 666 1827 730 bracht, vnnd nur Auf gemaines Stat gebreuch
1333 719 1806 773 nys Innteresse zway Iar lanng, dargelichen
1334 764 1820 821 hab sy solch gelltdt mermallen, von der Burger
1336 810 1819 877 schafft Aufbracht vnnd Gehorsambist Ier Khu
1308 860 1821 940 Wy. Pheningmaister Herrn Petter hatler, Vber
