2393 1758
1414 150 2106 401 Auf das vnnder Stat
1627 373 1841 447 CamrerAmbt
1490 515 2083 618 Dises etc funfzehen hunndert zweyunndsechzig
1527 580 2073 653 sten Iar, hab ich auf das Vnnder StatCamer
1511 632 2029 725 Ambt notturfften geben, Wie hernach mit
1511 692 2065 778 Vnnder schiedlichen Rubrigkhen zuvernemen,
1490 791 2056 888 Item den Sibennden tag Ianuarii hab Ich
1506 851 2048 938 dem Herrn Vnnder Camerer zuegestölldt
1506 907 2082 999 in khlainer Munnß denn Er die taller nit
1512 941 2229 1049 genomen 80 γ d. Idest f. 80 s. d.
1516 1074 1805 1352 Latus per se.
