<?xml version="1.0" encoding="UTF-8" standalone="yes"?>
<PcGts xmlns="http://schema.primaresearch.org/PAGE/gts/pagecontent/2013-07-15">
    <Metadata>
        <Creator>prov=READ-COOP:name=PyLaia@TranskribusPlatform:version=2.23.0:model_id=293513:lm=provided:date=22_02_2025_11:22</Creator>
        <Created>2025-02-18T15:31:08.030+01:00</Created>
        <LastChange>2025-12-11T11:16:54.045+01:00</LastChange>
        <TranskribusMetadata docId="6981834" pageId="91762575" pageNr="99" status="GT" userId="261754" imgUrl="https://files.transkribus.eu/Get?fileType=view&amp;id=ZTJIPHFATFXSMLTXMNAIODNV" imageId="76570366"/>
    </Metadata>
    <Page imageFilename="0098_WSTLA-OKA-B1-1-095-1_00099.jpg" imageWidth="2163" imageHeight="1618">
        <TextRegion id="region_121631618" custom="readingOrder {index:0;} structure {type:page_1;}">
            <Coords points="0,0 1081,0 1081,1618 0,1618"/>
            <TextLine id="tl_1739897124" custom="readingOrder {index:0;}">
                <Coords points="965,225 933,190 742,213 714,212 692,192 605,207 572,194 552,212 551,264 906,270 965,254"/>
                <Baseline points="551,250 965,250"/>
                <TextEquiv>
                    <Unicode>drey Taller genommen thuet drei</Unicode>
                </TextEquiv>
            </TextLine>
            <TextLine id="tl_1739897114" custom="readingOrder {index:1;}">
                <Coords points="966,282 831,266 556,277 559,332 965,314"/>
                <Baseline points="556,314 966,314"/>
                <TextEquiv>
                    <Unicode>Phundt vier schillinng Phenning</Unicode>
                </TextEquiv>
            </TextLine>
            <TextLine id="tl_1739897109" custom="readingOrder {index:2;}">
                <Coords points="805,361 880,366 1030,350 1110,324 1106,293 991,312 785,314 792,345"/>
                <Baseline points="594,348 1110,348"/>
                <TextEquiv>
                    <Unicode>Idest f. 3 s 4. d.</Unicode>
                </TextEquiv>
            </TextLine>
            <TextLine id="tl_1739897102" custom="readingOrder {index:3;}">
                <Coords points="953,470 615,470 560,483 522,467 499,490 498,536 953,520"/>
                <Baseline points="498,523 953,523"/>
                <TextEquiv>
                    <Unicode>Denn 18 tag Iunii hat Cristoffer</Unicode>
                </TextEquiv>
            </TextLine>
            <TextLine id="tl_1739897108" custom="readingOrder {index:4;}">
                <Coords points="539,561 643,562 673,576 771,562 845,576 954,559 951,525 739,524 658,542 596,525 540,531"/>
                <Baseline points="539,563 955,563"/>
                <TextEquiv>
                    <Unicode>us Ramph für das Khasstecher</Unicode>
                </TextEquiv>
            </TextLine>
            <TextLine id="tl_1739897116" custom="readingOrder {index:5;}">
                <Coords points="953,567 830,582 751,567 685,584 643,568 545,574 546,610 576,615 735,600 836,615 953,598"/>
                <Baseline points="545,601 953,601"/>
                <TextEquiv>
                    <Unicode>Recht so Ime durch Burgermaister</Unicode>
                </TextEquiv>
            </TextLine>
            <TextLine id="tl_1739897118" custom="readingOrder {index:6;}">
                <Coords points="553,619 557,648 741,640 926,653 956,642 952,603 835,619 741,602 555,616"/>
                <Baseline points="553,638 956,638"/>
                <TextEquiv>
                    <Unicode>vnnd Rat auf halben taill ge</Unicode>
                </TextEquiv>
            </TextLine>
            <TextLine id="tl_1739897101" custom="readingOrder {index:7;}">
                <Coords points="1114,635 548,662 552,689 619,705 696,692 965,703 1071,694 1114,652"/>
                <Baseline points="548,686 1114,686"/>
                <TextEquiv>
                    <Unicode>massigt worden bezallt f. 5 s. d.</Unicode>
                </TextEquiv>
            </TextLine>
            <TextLine id="tl_1739897125" custom="readingOrder {index:8;}">
                <Coords points="519,896 491,940 763,940 818,921 867,933 944,914 939,876 505,776"/>
                <Baseline points="544,924 944,924"/>
                <TextEquiv>
                    <Unicode>Denn dreissigisten tag Iulii</Unicode>
                </TextEquiv>
            </TextLine>
            <TextLine id="tl_1739897110" custom="readingOrder {index:9;}">
                <Coords points="948,958 947,929 935,922 816,929 774,944 561,931 576,973 822,978 939,964"/>
                <Baseline points="559,964 948,964"/>
                <TextEquiv>
                    <Unicode>hat waintzennperger fürs</Unicode>
                </TextEquiv>
            </TextLine>
            <TextLine id="tl_1739897105" custom="readingOrder {index:10;}">
                <Coords points="973,963 821,979 625,970 561,985 561,1012 592,1027 664,1014 890,1020 954,1012 973,997"/>
                <Baseline points="561,1010 973,1010"/>
                <TextEquiv>
                    <Unicode>Khasstecher recht Erlegt auf</Unicode>
                </TextEquiv>
            </TextLine>
            <TextLine id="tl_1739897103" custom="readingOrder {index:11;}">
                <Coords points="949,1020 681,1015 552,1027 556,1066 701,1063 786,1077 949,1059"/>
                <Baseline points="552,1059 949,1059"/>
                <TextEquiv>
                    <Unicode>Seinem Ratschlag Vt Quit</Unicode>
                </TextEquiv>
            </TextLine>
            <TextLine id="tl_1739897111" custom="readingOrder {index:12;}">
                <Coords points="1121,1065 561,1078 565,1121 630,1151 855,1151 926,1128 1035,1141 1120,1115"/>
                <Baseline points="561,1126 1121,1126"/>
                <TextEquiv>
                    <Unicode>tung ꞩ f. 10 s d.</Unicode>
                </TextEquiv>
            </TextLine>
            <TextLine id="tl_1739897117" custom="readingOrder {index:13;}">
                <Coords points="357,1344 611,1343 766,1284 981,1312 981,1241 955,1220 593,1191 404,1287 358,1333"/>
                <Baseline points="357,1314 981,1314"/>
                <TextEquiv>
                    <Unicode>Latus 18 γ 4 s. d.</Unicode>
                </TextEquiv>
            </TextLine>
            <TextEquiv>
                <Unicode>drey Taller genommen thuet drei
Phundt vier schillinng Phenning,
Idest f. 3 s 4. d.
Denn 18 tag Iunii hat Cristoffer
us Ramiph für das Khasstecher
Recht so Ime durch Burgermaister
vnnd Rat auf halben taill ge
massigt worden bezallt f. 5 s. d.
Den dreissigisten tag Iulii
hat waintzennperger fürs
Khasstecher recht Erlegt auf
Seinem Ratschlag Vt Quit
tung ꞩ f. 10 s d.
Latus 18 γ 4 s. d.</Unicode>
            </TextEquiv>
        </TextRegion>
        <TextRegion id="region_221631618" custom="readingOrder {index:1;} structure {type:page_2;}">
            <Coords points="1082,0 2163,0 2163,1618 1082,1618"/>
            <TextLine id="tl_1739897121" custom="readingOrder {index:0;}">
                <Coords points="1864,174 1798,170 1690,194 1597,168 1551,200 1337,194 1337,246 1351,251 1863,231"/>
                <Baseline points="1337,228 1846,228"/>
                <TextEquiv>
                    <Unicode>Walthaser Pranckh ist den 19 Augusti</Unicode>
                </TextEquiv>
            </TextLine>
            <TextLine id="tl_1739897123" custom="readingOrder {index:1;}">
                <Coords points="1844,241 1763,229 1659,234 1615,253 1368,245 1360,285 1554,274 1629,285 1844,259"/>
                <Baseline points="1360,274 1844,274"/>
                <TextEquiv>
                    <Unicode>Burger worden wie hieuor Statt</Unicode>
                </TextEquiv>
            </TextLine>
            <TextLine id="tl_1739897122" custom="readingOrder {index:2;}">
                <Coords points="1844,274 1702,269 1637,287 1525,279 1375,297 1382,326 1488,319 1523,332 1616,311 1721,319 1841,303 1844,284"/>
                <Baseline points="1375,314 1844,314"/>
                <TextEquiv>
                    <Unicode>vnnd Nachdem sein hausfraw Apo</Unicode>
                </TextEquiv>
            </TextLine>
            <TextLine id="tl_1739897104" custom="readingOrder {index:3;}">
                <Coords points="1852,327 1769,304 1380,336 1383,370 1438,374 1683,352 1845,365 1852,346"/>
                <Baseline points="1380,355 1852,355"/>
                <TextEquiv>
                    <Unicode>lania Zuuor den Valltin Schlichting</Unicode>
                </TextEquiv>
            </TextLine>
            <TextLine id="tl_1739897112" custom="readingOrder {index:4;} unclear {offset:23;length:8;}">
                <Coords points="1828,371 1693,352 1604,373 1357,380 1365,429 1420,415 1487,424 1535,405 1828,394"/>
                <Baseline points="1357,409 1828,409"/>
                <TextEquiv>
                    <Unicode>gewesen Rotmaister der Stihartt</Unicode>
                </TextEquiv>
            </TextLine>
            <TextLine id="tl_1739897107" custom="readingOrder {index:5;}">
                <Coords points="1822,408 1664,400 1451,431 1377,418 1371,456 1538,466 1605,449 1787,457 1822,444"/>
                <Baseline points="1371,448 1822,448"/>
                <TextEquiv>
                    <Unicode>dienner elichen auch das Khass</Unicode>
                </TextEquiv>
            </TextLine>
            <TextLine id="tl_1739897119" custom="readingOrder {index:6;}">
                <Coords points="1823,466 1728,453 1580,455 1537,472 1394,463 1362,482 1361,513 1553,527 1696,495 1823,490"/>
                <Baseline points="1361,507 1823,507"/>
                <TextEquiv>
                    <Unicode>stecher Recht gehabt ist Ime auf sein</Unicode>
                </TextEquiv>
            </TextLine>
            <TextLine id="tl_1739897120" custom="readingOrder {index:7;}">
                <Coords points="1823,507 1748,512 1703,496 1581,506 1535,530 1436,513 1379,513 1390,518 1359,529 1359,562 1822,547"/>
                <Baseline points="1359,544 1823,544"/>
                <TextEquiv>
                    <Unicode>Suppliciern Laut Ratschlags hie</Unicode>
                </TextEquiv>
            </TextLine>
            <TextLine id="tl_1739897113" custom="readingOrder {index:8;}">
                <Coords points="1823,556 1625,550 1543,568 1495,556 1373,580 1373,605 1398,610 1625,596 1673,606 1823,580"/>
                <Baseline points="1373,593 1823,593"/>
                <TextEquiv>
                    <Unicode>neben das gellt Vmb die new</Unicode>
                </TextEquiv>
            </TextLine>
            <TextLine id="tl_1739897106" custom="readingOrder {index:9;}">
                <Coords points="1871,600 1803,588 1392,614 1369,621 1368,673 1520,676 1571,655 1690,677 1770,640 1871,652"/>
                <Baseline points="1368,654 1871,654"/>
                <TextEquiv>
                    <Unicode>gerechtigkhait nachgelassen worden</Unicode>
                </TextEquiv>
            </TextLine>
            <TextEquiv>
                <Unicode>Walthaser Pranckh ist den 19 Augusti
Burger worden, wie hieuor Statt
vnnd Nachdem sein hausfraw Apo
lonia Zuuor den Valltin Schlichting
gewesen Rotmaister der Stihartt
dienner elichen auch das Khass
stecher Recht gehabt, ist Ime auf sein
Suppliciern Laut Ratschlags hie
neben das gellt, Vmb die new
gerechtigkhait nachgelassen worden.</Unicode>
            </TextEquiv>
        </TextRegion>
    </Page>
</PcGts>
