2389 1752
340 233 877 321 Abermalß von mier Emphanngen in tall
348 305 873 378 ern zu Sibenntzehen Patzen f. Sibenhund
347 354 1038 439 ert Vnnde clain Pfening 100 f. f 800 s. d.
243 462 864 583 Mer hab Ich dem Herrn Vnnder Camerer
357 559 852 618 den 21. decembris diß Iars in talleren
348 610 869 685 700 f zu 68 kh. Vnnd die Vberig maß im
353 666 1042 749 Putschanndl Vnnd Clain d. f 1000 s. d
316 831 872 915 Den 29. Decembris hab Ich offt ernennten
359 900 906 963 herren Vnnder Camerer Von der Stat Maut
358 958 1031 1036 haus eingenomen Ihme zuegestellt f 400 s. d.
394 1046 906 1210 Latus 2200 γ s. d.
1411 508 2050 685 Summa Ausgab auff vnnder
1559 649 1795 689 Camer Ambt
1564 678 2007 748 Ø 13750 γ s. d.
