2342 1431
1290 131 1873 345 Auf Seiberung
1514 329 1642 380 der Stat
1354 358 1844 427 Item Nachdem Vnntzther Mermalß dem herrn
1374 408 1842 468 Vnnder Camerer bevolchen worden die Stat
1375 451 1843 510 An Vnnderlaß Sauber Zuhallten, damit Aller
1374 495 1836 554 Innfection souil muglichen fur khumen, Vnnd
1372 535 1852 602 die Stat sauberer, Alß Zuvor gehallten werde
1368 584 1835 641 Wie dann dauonntwegen, verschiner Iar Ain
1376 628 1848 692 Ordennliche Innstruction Aufgericht worden
1369 674 1840 729 Aber doch nie in Wurckhung oder Voll Ziehung
1369 717 1844 778 gebracht derhalben damit dochnichts hier Inn
1371 760 1847 826 en Vnnderlassen, haben meine gnedigen herren B.
1365 806 1836 868 Vnnd Rath widerumben Von neuen Ain Ord
1368 854 1835 926 nunng vnnd Innstruction lassen Aufrichten
