2154 1601
1248 77 1806 262 Purckh Recht
1483 248 1643 331 Zinns
1290 349 1804 444 Dem Sibennden Ianuarii Erlegt
1334 416 1823 477 Steffann Prager Khürschner vnnd Burg
1344 463 1806 516 er Alhie von denn 300 tl d auf seinem
1343 504 1838 558 haus verschriben denn Zins zu denn Wein
1343 546 1839 611 nachten des 61isten Iars verfallen 10 γ d.
1363 598 2031 676 Idest f. 10 s. d
1316 757 1812 832 Denn Zechennden Ianuarii erlegt Iacob
1353 817 1818 868 hebm Taw Messerer vonn denn 100 γ d
1353 856 1806 911 zu Khatarinna Dachauern Stifft ge
1347 896 1824 948 horig auf seinem haus hinnder Sannd
1348 935 1823 989 Panngratzen verschriben der Zins Micha
1342 975 1985 1060 elis verfallen thuet 5 γ d. Idest f. 5. s. d.
1176 1073 1827 1209 Latus 15 γ s. d
