5280 3671
629 464 1949 604 nota Meinharten Vischer in der Newnstat gelihens
765 581 2459 662 gelt v s xx d
633 685 2496 836 nota Hannsen Newpawrn seins verdinten Solds C xii γ xxiiii d
632 815 2532 960 nota Hannsen Martharten laubenherrn C xlv γ vi s xxvi d
647 926 2463 1051 nota Hannsen Leschenprant xx γ d
649 1037 2045 1169 nota der Bruderschafft auf dem Korner Zu sand Steffan
720 1143 1787 1229 von wegen der schuld So Niclas Knawß
640 1445 2518 1604 nota Wolfgangen Eysner vi γ vii s xx d
632 1578 1949 1699 nota Wolfgangen petzolden nagsten erben die auf
728 1682 1980 1787 vicentzen Hagkenberger appoteker Haws gelegen
762 1718 2433 1836 sind C γ d
633 1884 2019 2007 nota die Veit Schrikher vnd sein hausfraw Zu dem
743 1993 2011 2079 Gruntpuch gelegt habent von irs halbs haws
732 2065 2013 2168 wegen am Graben gelegen das des Iungen Awer
737 2125 2432 2233 gewesen ist cc xliii γ Lx d
632 2272 1937 2394 nota dem Grabmer von Gmunden an vir phunt
763 2349 2423 2470 Kueffel Saltz li γ d
631 2488 1973 2603 nota Iorgen Nadler ain ausstands seins Solds als er
739 2586 2420 2720 die Schul Zu sand Steffan gerawmbt hat iiii γ Lx d
651 2668 1945 2779 nota Iacoben Gsmechl an den Stain So Zu sand
731 2768 1979 2855 Michel gehort habent vnd in die purkh genomen
719 2833 2433 2958 vnd daselbs verarbaitt sind vt litera xxxii γ d
3134 464 4524 614 nota Maister Iorgen Oder puchsenmaister an sein
3249 558 5020 674 Sold xxv γ vi s d
3128 691 4474 831 nota Gregoren Haider an seinen dinsten Zu perch
3255 787 5058 904 toltzdorf cc vi γ v s viii d
3353 1033 4255 1240 De Anno etc Lvvi co
3112 1267 4987 1406 nota Iobsten Appoteker von wegen des Inglsteter C γ d
3122 1423 4498 1538 nota Sigmunden Aman legerherren l vngrisch
3199 1506 5066 1628 guldein per viiii s xx d ꞩ Lx γ iii s x d
3160 1619 4521 1740 nota aber demselben Sigmunden vmb ain Rots tuch
3232 1716 5022 1810 von per xxxv γ d
3121 1842 4477 1972 nota Merten Burger Hubschreiber der vir phunt
3253 1940 5057 2052 kueffl Saltz xxxviii γ xl d
3139 2099 4487 2199 nota Petern Gwerlich an aim vas wein xx γ d
3235 2184 4482 2263 von des von Eberstorff wegen xvi γ d vnd
3243 2253 4449 2328 vmb ain Ros das man dem pawmkirher ge
3243 2322 4431 2421 schankht hat xviiii vnngrisch gld per x s d
3258 2364 5010 2495 ꞩ alles Lviiii γ vi s d
3148 2543 5015 2712 nota Oswalten Aigner Lembater xviii γ d
3126 2710 5036 2899 nota Tibolten Greyssler xiii γ iiii s d
3134 2820 5042 2980 nota Iorgen Talhaymer xviii γ d
