5312 3661
613 442 1967 602 nota In die Ratstubn Stewrstubn Im Rathawß vmb
747 557 2595 649 hultz xxiiii γ v s xxii d
631 744 2070 882 nota Kuntzen Kraph wirt im pilgrein haws von wegen
741 870 2049 946 Enntzen Stewrknecht die man Im an aim ausstand
741 936 2060 1023 seins verdinten Solds den er als er Remanentzer ge
765 1013 2512 1154 wesen ist verdient hat iii γ iiii s d
1186 1177 2067 1373 Suma Latus xxviii γ lii d
974 2023 1978 2166 Suma allerlay ausgebn Zwaintzig d
979 2139 1801 2268 ꞩ Lv γ iiii s viii d
