5259 3665
602 483 2315 603 nota Pauln Strasser furer i γ d
608 596 2438 738 nota Rueprechten Ryemer i γ iii s v d
613 708 1983 844 nota Steffan Iung aus dem Newen Sol seiner schuld
751 809 2386 907 vt litera M cc L γ d
630 907 1987 1027 nota Hern Petern vmbundumb Achter Zu sand Steffan
712 1006 1966 1095 Andreen Schonnprugker vnd Iacoben Munich
738 1083 2030 1173 mayr weylent Frawn Vrsulen Hannsen von Eslorn
738 1151 2013 1245 seligen witiben Geschefftlewten C vngrisch guld
714 1214 2409 1344 per x s d vnd in munß xl γ d ꞩ C Lxv γ d
611 1390 1988 1510 nota Maister Iacoben von Wulderstorff Korherrn Zu
731 1497 1960 1602 sand Steffan vnd Vlreichen Metzleinstorffer
749 1567 2428 1673 des Sorger Geschefftlewten xlv γ d
616 1707 1990 1848 nota Hern Conraten Holtzler an seiner Schuld der
752 1799 2447 1924 ccc vngrisch guld C li γ Lx d
642 1964 2534 2114 nota Sigmunden lebko an seiner Schuld Lxxxii γ vii s vii d
659 2095 2505 2269 nota Hannsen Zoten von Wels an Holtz liiii γ iiii s d
646 2203 1959 2316 nota So ist gemaine Stat Schuldig Wolfgangen
730 2299 1974 2384 Yoppl vnd Hannsen Aschpekhen weylent Veyten
729 2376 1992 2463 Schatawer geschefftlewten an dem gut So derselb
744 2451 2036 2535 Schatawer hinder sein gelassen vnd Erhart Wol
724 2511 2540 2640 gemut Inngehabt hat iiii c Lxxviii γ iiii s xv d
621 2642 2401 2793 nota Hannsen Pudmer Rottmaister seiner Schuld xx γ d
626 2774 1988 2892 nota Maister Merten Guldein an hofgwandt Hawsen
725 2863 2487 3013 phenig vnd Ophergelt xii γ iiii s d
3135 488 4553 632 nota Philippen Pyderman vmb habern fur den Regken
3258 616 4832 688 hof x γ d
3133 681 4454 796 nota Sigmunden Moroltinger an der Zerung So
3230 792 4989 912 die Margrafin von paden pey Im vertzert hat viiii γ iii s d
3148 893 4488 1001 nota Merten Schroten vnd Thoman durchtzieher
3252 982 5104 1103 an Irer Rayttung etc schuld C Lxxxviii γ vi s vij̸ d
3461 1480 4186 1756 Zum Gruntpuch
3087 1795 4425 1922 nota Dem Hennslein Linharts Ponhawser Sun
3245 1918 4484 1996 Zugepurn vnd pey dem Gruntpuch nyder ge
3253 1987 4477 2072 legt sein vii vngrisch guld per x s x d
3232 2056 4504 2139 daran wir ausgericht vnd betzalt haben iii γ d
3217 2126 4992 2232 Rh tat die man Im noch schuldig ist vi γ x d
3068 2282 4486 2394 nota das gelt So Niclas Frankh von der gesambten
3247 2382 4486 2461 hannt wegen seins haws in der Schennkhen
3227 2445 4960 2579 straß gelegen Zu dem Gruntpuch erlegt hat viii γ d
