5332 3651
627 414 1978 580 nota Steffan Stressl Kursner Hannsen Enntl
779 522 2032 650 Appoteker vnd Steffan Swingenhamer Slosser
767 624 1969 716 weilent Mertten Puchler Geschefftlewten
776 701 1978 799 die pey dem Gruntpuch erlegt gewesen sind
779 775 1926 878 xxxii γ d daran wir ausgericht haben
784 810 2431 965 xvi γ d Rest   xvi γ d
905 1063 1648 1251 Anno etc lxviii
658 1287 1919 1403 nota aus der pruderschafft der heiligen dreyr
777 1387 1961 1474 kunig Zu den predigern iiij̸ c vngrisch guld
787 1454 2555 1580 den Guldein per x s d ꞩ iiii c xxxvii γ iiii s d
698 1603 2016 1712 nota die Andre Öler Zu hannden Erharts Mawr
784 1696 1979 1784 k cher hinder den Rat erlegt hat x vngrisch
767 1761 2475 1879 guld per x s d ꞩ xii γ iiii s d
668 1914 1981 2023 nota Frawn Vrsulen Hannsn von Eslorn witib ge
781 2013 1996 2102 schefftlewten Lxxxvi vnngrisch guld vnd v s d
762 2079 2551 2193 den guld per x s v d ꞩ C viiii γ vii s x d
694 2191 1986 2315 nota Wolfgangen Vlreichs Wankher Zu prugk
804 2292 2548 2400 auf der leytta Sun xiiii γ iiii s xv d
705 2403 1989 2514 nota Hern Iorgen von potendorf Lanndmarschalh hern
791 2501 1986 2578 Iorgen von Volkenstorf vnd hern Hannsen Muluelder
800 2567 1993 2648 nach lautt ains Geltbrief vij̸ c vngrisch guld
798 2616 2568 2768 den guld per x s d ꞩ in munß viii c xii γ iiii s d
3397 593 4637 876 Vermerkcht was die Stat
3604 821 4267 996 noch vor Ir hat
3355 1090 4253 1298 Vonersten all vorgeschriben Remanentzen
3251 1303 4362 1424 nota ain Silbreine Schal hat der Hawg
3253 1393 4578 1528 nota ain Silbrein vergolten pecher von linharten
3399 1503 4394 1607 hofgeber herkomen hat der Hawg
3274 1607 4141 1737 nota funf Silbrein groß pecher
3276 1725 4462 1829 nota ain Silbrein grossen pecher der s t dem
3387 1818 4222 1920 Seyfriden Eysner am Graben
3294 1917 4493 2034 nota xxiiii Silbrein loffl in ainem Votram
3296 2034 4646 2159 nota ain Silbreins vergolts Kophl das Peter Obrecht
3406 2128 4043 2226 der Stat geschafft hat
3282 2196 4530 2325 nota ii Silbrein Schilt mit der Stat wappen
3408 2303 4245 2384 die habent die Trumetter Inne
3278 2380 4427 2504 nota iiii groß Zinschussl in ainem Fotram
3289 2493 4234 2598 nota ii klaine Schiltl in die Rays
3292 2598 3909 2707 nota vi Salssen schussl
3276 2688 3943 2789 nota xx Zineine Celine
3254 2742 4164 2918 nota ain grosse vber Zinte flaschen
