5313 3699
646 517 1953 650 nota Cristoffen Otzestorffer l vngrisch guldein per
727 632 2517 749 viiii s xv d ꞩ Lviiii γ iii s d
644 741 2562 902 nota Niclasen Lebhofer vt litera C li γ vii s xxviiii d
639 876 1990 984 nota Hannsen Grunt Reich vnd larentzen von Russt
729 969 2546 1102 Ir darlehen iii c vngrisch guldein per viiii s xv d ꞩ iii c Lvi γ Lx d
641 1091 2016 1230 nota Hannsen Frankhen vt litera l vngrisch guldein
736 1201 2496 1329 per viiii s xv d ꞩ Lviiii γ iii s d
660 1332 2530 1476 nota Lucasen Gerstpew tner an seinen dinsten xxxviii γ xxv d
659 1477 2493 1598 nota Vlreichin poslondlin furerin viii γ xl d
648 1582 2528 1733 nota dem Andre Heygays an seinem Sold iii γ vi s ii d i ob
648 1686 2493 1843 nota Niclasen Philipp an seinem Sold iii γ vii s d
658 1791 2499 1940 nota Otten furer seins Solds iiii γ iiii s d
672 1898 2499 2059 nota Maister lienharten Koch seins Solds vi γ lxiiii d
653 2016 2065 2146 nota Maister Ludweigen Weinhals der Stat puchsen
774 2121 2495 2216 maister seins Solds xx γ xxiiii d
663 2204 2496 2385 nota Maister Iorgen Oder puchsenmaister viiii γ iii s x d
672 2323 2040 2436 nota Iacoben Starch So er Zu betzalung des Ambt
752 2425 2049 2503 gelts von wegen des vngelts Zu Closternewn
768 2493 2044 2594 burg vnsern gnedigen herren dem Bischouen von
775 2570 2455 2673 Burgk dargelihen hat xx γ d
682 2695 2539 2872 nota Andreen Vogl der Stat Ainrusser seins Solds Lxxx γ Lxxx d
3191 462 4558 599 nota Maister Sigmunden Mawrer an seinem Sold
3263 572 5063 658 vor Vischamund i γ Lx d
3162 652 5076 768 nota Conraten Haselpekhner ii γ d
3169 753 5108 903 nota Hannsen Gruntner von Enns Lxxxxiii γ d
3404 1013 4260 1234 De Anno lxv o
3159 1331 4519 1437 nota Maister Merten Guldein der cc Lxxxxiiii γ
3275 1431 4586 1519 iii s xxiii d So er dargelihen hat an gwant
3285 1487 5128 1582 vnd wein cc Lxviii γ iii s xxiii d
3161 1604 5090 1724 nota Micheln Kirstain an den xl vnngrisch guldein iii γ iii s x d
3156 1729 5105 1860 nota Vlreichen Vogl dem Appoteker an den L vnngrisch Liii γ iii s d
3262 1814 3490 1892 guldein
3179 1928 4558 2038 nota Frantzen Waptista vmb ain Rots tuch von pern
3272 2025 4570 2141 Zum Scharlach xxxi vngrisch guldein per viiii s
3260 2101 5099 2224 xx d ꞩ xxxvii γ iii s xx d
3172 2189 4479 2305 nota Iorgen von Sewsenegk ain dreyling wein
3255 2297 4473 2381 von Andren Teyspekhen Schuster den er Im
3249 2362 4601 2448 geben solt haben vnd im fur viiii γ lx d geschetzt
3245 2433 4598 2513 vnd angeslagn ist die er der Stat geantwurt daran
3265 2503 4575 2606 hat man seinem diener dem puchler ausgericht
3273 2559 5065 2667 ii γ d Rest vii γ lx d
3171 2677 5080 2849 nota Vlreichen Turhutter in der Newnstat an Zer ger i γ v s x d
