5342 4189
3485 250 4260 648 Ausgab
3343 617 4307 818 Aufs Khriegs SPill ./.
3259 765 4678 931 Item den Sechtzehennden tag Martii Anno etc Neün
3231 913 4707 1037 vnd sibentzigisten Zalt ich dem Augustin Männte
3241 1007 4641 1134 len Thrumbschlacher Alhie von wegen Zwayer
3225 1109 4653 1246 Spill so sich Zur Musterung der Soldaten ge
3186 1215 4673 1343 Prauchen haben lassen Ir gewohntliche besold
3195 1328 4622 1467 tung Laut Quittung Zwenn Gulden Reinisch
4242 1422 5178 1594 Idest f 2 s - d -
3160 1590 4708 1795 Den Lessten tag Septembriß Zalt ich gleichsfals
3155 1751 4659 1886 wider denen Spilleitten so sich Zur Musterung
3191 1863 4657 1989 der Soldathen an heut dato beschechen mit Zwayen
3194 1969 4565 2110 Spillen geprauch lassen Ir gewonndliche
3206 2080 4701 2244 Pesoldung Zwen gulden reinisch vermug der Quittung
4344 2198 5174 2407 Idest f 2 s - d -
3467 3536 4395 3696 na 4 f -  - d.
