5364 4112
586 259 2063 431 bath geschnitten daß Macherlonn von Iedem Paar
601 410 2070 530 Sechtzehen Pfening thuet vermüg Irer Quittung
597 451 2627 655 Zusamen Ain Pfundt vier schilling Pfening Idest f 1 s 4 d -
629 671 2061 834 Den Achten Augustii gab ich dem Canntor Zu Sannd
623 803 2083 940 Steffan Iudes de Pier Panndt Auff die Contorey
657 903 2061 1038 Khnaben daselbst Zue sonnderen Notturfft der
673 1000 2115 1139 selben Pedtgewanndt auch Ires Preceptors In
631 1103 2134 1241 literis Zechen Neue Paar Leilach die ich berichts
656 1216 1632 1369 weiß hiemit vermelten thue
590 1359 2047 1545 Den Aindlifften ditz Zalt ich thoman Pilnawer
664 1480 2089 1640 Burger vnnd Cramer Alhie vmb Zway stuckh
708 1609 2094 1744 schwartzen Parchanndt ains Per drey guldenn
695 1713 2081 1859 Item ain Stuckh weissen Zwilch Per dreissig
697 1815 2105 1962 schilling vnnd vmb Zwelff Pareth Alles der
701 1924 2098 2075 Canntorey Khnaben Zue Sumer Khlaidung
712 2030 2138 2196 Auf negst verschinen Phingsten diß Neün
732 2163 2122 2299 vnd sibentzigisten Iars thuet vermüg seines
758 2254 2197 2416 geferttigten AusZugs hiebei an den Nachlaß
760 2369 2095 2551 Viertzechen gulden vier schilling Pfening
1909 2377 2639 2576 Idest f 14 s 4 d -
662 2587 2166 2748 Item den Sibentzechennden Augustii gab ich
743 2716 2263 2844 ainem gewesnen discanten bey Sannd Steffan
753 2820 2200 2956 Auf sein Erlangten Ratschlag hiebey Zur Ab
757 2921 2139 3047 ferttigung weill er sun Mutiert fünff
747 3028 2177 3146 gulden Reinisch mit Namen Mathes Sches
735 3025 2640 3277 khar vermüg seiner Quittung Idest f 5 s - d -
1117 3284 1998 3559 Latus 21 f - s - d
3191 246 4631 465 Item den Sechtzehenden octobris gab ich Auf
3199 430 4678 572 verwilligung Aines Edlen hochweissen Statt
3222 532 4602 665 Rath Laut Rathschlag dessen datum den Achten
3242 636 4710 764 octobris Anno etc Neün vnnd sibentzigisten Ionnaß
3196 734 4624 871 Hein Gewesnen Basisten Zu Sanndt Steffan
3220 852 4610 985 Zur Abferttigung Siben gulden Reinisch ver
3231 948 5190 1135 müg seiner Quittung hiebey Idest f 7 s - d -
3113 1110 4730 1302 Nach dem Negst verschinen Pfingsten denen drey Zehen
3207 1263 4559 1402 Canntorey Khnaben drey stuckh Leinbath Zu
3201 1375 4626 1499 Pfaiden damalß Iedem aine vnnd dan an Ietzt
3181 1475 4607 1598 Auf weinnachten Zur wintter khlaidung auch
3179 1577 4555 1700 Iedem nach gebrauch Zwo Pfaiden khaufft
3140 1692 4576 1813 worden Aber Zu Souil Pfaiden mit gedachten
3148 1783 4606 1928 drey stuckhen Leinbat nit Abkhumen khinen der
3171 1905 4610 2045 halben noch Neün Ellen Iede Per Siben Khreitzer
3160 2021 4543 2165 Dartzu Khauffen müessen thuet Zusamenn
3196 2132 4526 2251 ain gulden Zwelff Phening die ich hiemit
3129 2232 5127 2427 wie Pillich in Ausgab stellen thue Idest f 1 s - d 12
3144 2447 4577 2588 Item den Fünfftzehennden decembris gab
3181 2564 4486 2695 ich den Remanentzerin Angnes schafferin
3157 2677 4558 2798 für abgedachte Sechs vnd Zwaintzig Pfaidten
3110 2777 4532 2902 das Macherlohn denen Canntorei Khnabenn
3142 2877 4698 3007 Auf Ietzig weinnachten von Ieder Fünff khreitzer
3151 2983 4675 3119 thuet vermüg der Quittung Zwen gulden ain schilling
3157 3101 5113 3268 Zechen Pfening Idest f 2 s 1 d 10
3467 3241 4371 3552 Latus 10 f 1 s 22 d
