5348 4205
573 297 2177 523 Item den Andern tag Maii gab ich Ainem Gewissenn
618 501 2191 653 Discantisten Zu Sannd Steffan Alhie Auff beuelch
652 618 2087 763 herrn Burgermaister vnnd Rath Laut Ratschlag
671 722 2137 868 hiebey Zue Abferttigung weill er ferne wegen
641 815 2280 981 der Mutation für ein discantisten nit Zugebrauchen
649 931 2235 1081 Gegen seiner Quittung mit Namen Steffan Khrippel
675 1018 2651 1206 vier gulden Reinisch Idest f 4 s - d -
639 1232 2209 1419 Item den Sechs vnnd Zwaintzigisten tag Maii Zalt
700 1383 2206 1518 ich dem Sebastian Vnnger weiß gerber vnnd burger
700 1449 2273 1618 Alhie vmb dreytzehen Paar gearbeite Schoffell
673 1589 2171 1709 denen dreytzechen Conntorey khnaben Zu Sand
691 1698 2074 1834 Steffann Zue Sumer Claittung Auf Ietzige
702 1723 2673 1957 Phingsten Zwelff Pfundt Phening Idest f 12 s - d -
693 1936 2193 2118 Eodem Zalt ich dem Maister Lorenntz Stöber schneider
701 2099 2124 2238 vnnd Burger Alhie vmb daß er den dreytzechen
715 2202 2130 2339 Khnaben in der Canntorey Zu Sand Steffan Iedem
746 2316 2157 2439 ain Neu khlaidt yetzt Zue Phingsten gemacht
726 2416 2222 2566 hat für Iedes Khlaidt das macherlon Fünff schilling
722 2537 2214 2666 Pfening vnd yedem ain dutzet Nestl Pro Zwelff
737 2638 2110 2770 Pfening thuet Zusamen Laut seiner Quittung
726 2761 2152 2907 hiebey Acht Pfundt sechs schilling sechs Phening
1803 2709 2642 2967 Idest f 8 s 6 d 6
686 2938 2082 3119 Item so Zalt ich den Sechsten Iunii dem Valtin
774 3095 2168 3233 Kasserereckh burger vnd schuester Alhie vmb
763 3218 2095 3367 drey Zehen Paar Schuech denen Canntorrei
1227 3362 2038 3616 Latus 24 f 6 s 6 d
3224 287 4725 498 Khnaben zu Sannd Steffan Alhie vmb Iedes Paar
3250 459 4791 609 Zwen Schilling Phening thuet vermüg der Quittung
3223 556 4739 719 hiebey drey Pfundt Zwenn schilling Pfening
4338 653 5243 876 Idest f 3 s 2 d -
3216 750 4816 921 Item so Khaufft ich Am Ietzigen Iarmarckht Phingsten
3254 880 4674 1006 von frembden Leinbattern drey stuckh weiss
3241 972 4632 1119 geplaichte Leinbat daß stuckh Per drey guldenn
3231 1091 4609 1222 vier schilling Phening Mer drey stuckh Praun
3215 1190 4702 1329 Leinbath das stuckh Per drey gulden ain schilling
3210 1305 4652 1439 Item vier ain halbe Ellen weisse Leinbat Zu
3196 1420 4709 1550 Khressen welliche Leinbat Alle denen drey Zehen
3218 1529 4787 1679 Canntorei Khnaben Zu Pfaiden Ietzt Auff Phingsten
3212 1652 4668 1798 Iedem Aine vnd Zu Negst Khunfftig weinnachtn
3204 1768 4648 1910 Auch yedem Zway Pfaiden wie gepreüchig ver
3174 1885 4670 2018 Praucht wierdt vnd drey schwartze vngeplaiche
3227 1995 4601 2120 stuckh Leinbat  wie hernach vnnderschidlich
3203 2107 4581 2227 vnnder diser Rubrickhenn vermelt wierdt
3193 2216 4512 2329 daß ich solche Leilach dem Canntor gegen seine
3203 2318 4510 2449 Quittung Zugestält hab thuet Alles Zusamen
3203 2426 4533 2556 Zwaintzig gulden drey schilling vier vnnd
3187 2514 5114 2698 Zwaintzig Phening Idest f 20 s 3 d 24
3170 2696 4531 2840 Item so Zalt ich den Remanentzerin Marttin
3154 2825 4518 2950 schafferin vom Zwelff heet daß Macher
3155 2929 4555 3072 lohn den Canntorei Khnaben Zue Sumer khlaid
3170 3037 4582 3174 ung Auf Ietzige Phingsten von Iedem Zwaintzig
3175 3152 4543 3271 Phening dan von Fünfftzechen Leylach so auß
3156 3249 4524 3393 abgedachten drey vngeblaichten stuckhlein
3266 3407 4439 3622 Latus 23 f 5 s 24 d
