4884 4122
776 499 1785 634 Iulii Erlegt Mathes Ernfridt von
781 630 1825 745 Straßburg die abfahrt von denen Ain
787 745 1800 870 hundert Pfundt Pfenning Weliche
794 869 1746 984 von Frauen Anna Schonawitzin
779 980 1842 1083 herrüeren vnnd im Ober Camrer
764 1084 1854 1220 Ambt ligunt gewest Nemblichen
751 1204 1474 1349 Zehen Gulden Reinisch
1291 1307 2250 1515 Idest f. 10 s d
755 1651 1832 1786 Den Sibenden Augustii Erlegt Ar
799 1787 1834 1907 tholff Schmidauer burger Zu Man
807 1895 1786 2020 see von denen Ainhundert vnnd
798 2016 1806 2147 viertzehen gulden So Ihme Vonn
788 2139 1846 2273 Hannsen Spöckher vnnd Martha sei
792 2268 1868 2391 ner ehelichen hausfrau beeden säligen
803 2396 1820 2528 verlassung Im Vertrag für seinen
804 2519 1851 2643 Erbthail Zuegesprochen worden vber
801 2628 1795 2747 den nachlaß benenntlichen Zehen
778 2729 2371 2928 Pfundt Pfenning Idest f. 10 s d
598 3034 1829 3319 Latus 20 f s d.
2983 425 4092 570 Den fünftzehenden dits Erlegt Iobst
3026 561 4056 694 Khnedt Raths burger Zu Purckhund
3045 692 4037 831 stadt Hanitz Puerckh Zu Khirchglain
3036 831 4060 967 vnnd Iohann Petzinger Schuelmaister
3017 956 4105 1096 Zu Khupß In namen Irer Hausfrauen
3036 1081 4055 1208 die Abfahrt von denen Ainhundert
3050 1197 4094 1342 vnnd fünftzig Pfundt Pfenning Weliche
3031 1338 4049 1473 Ihnen auf absterben Hannsen Fuxen
3029 1472 4041 1598 burger vnnd Schweinen Fleisch
3025 1585 4022 1724 hackhers alhie säligen Innhalt
3011 1717 4005 1853 Zwischen Ihnen vnnd ernenntes
2985 1840 4081 2013 Fuxen gelaßnen Wittib aufgerich
3009 1977 4112 2119 ten Vertrags Erblichen Zuegesprochen
3043 2111 4042 2251 worden nemblichen fünftzehen
3057 2236 3580 2392 Pfundt Pfenning
3515 2287 4556 2479 Idest f. 15 s d
2975 2615 4044 2763 Den Sechtzehenden September
2924 2848 3966 3304 Latus per se
