4891 4095
2723 224 4148 717 Empfang von
3161 696 3850 909 Abfarten
3017 1034 4077 1147 Erstlichen den Neüntzehenden Ia
3064 1136 4075 1258 nuarii Anno Neünundachtzig Er
3067 1244 4111 1366 legt weilent Hannsen Vogl geweßnen
3069 1360 4083 1488 Paders im Hafner Padt alhie saligen
3070 1486 4093 1612 hintterlaßnen nägsten befreünden
3079 1613 4075 1738 von denen fünftzig gulden so ihnen
3072 1736 4062 1854 sein Vogls säligen gelaßne wittib
3041 1852 4085 1988 Inhalt Zwischen ihnen auf der Rait
3043 1986 4092 2106 Camer gemachten vertrag für ihre
3063 2100 4043 2231 sprüch Zuegesprochen worden
3058 2233 4061 2348 gleichwol nur von drei tail die
3068 2345 4107 2472 abfahrth weil der Vierth im Land
3060 2469 4122 2595 bleibt Laut der Rait Camer auß
3025 2595 4108 2727 Zug hiebei drei gulden sechs schilling
3068 2735 4575 2908 Pfenning Idest f. 3 s 6 d.
2962 3000 3857 3241 Latus per se
