4893 4130
722 426 1809 627 Den AchtundZwaintzigisten Iunii Er
799 618 1789 734 legt weilent Vitaln Inichhofer bur
809 731 1801 857 gers alhie Zu Wienn säligen ehe
786 848 1806 1002 leibliche schwesster Catharina
768 982 1841 1120 Spitzerin von Mösserischaus Mäh
777 1110 1815 1232 rern die Abfahrt von denen Si
774 1236 1784 1360 bentzig Talern die ihr gedachter
782 1361 1848 1499 Inichshofer in seinem Testament in
804 1484 1868 1632 barem gelt verschafft Siben Taler
1159 1613 2363 1803 ꞩ f. 8 s 1 d 10.
761 1842 1842 1997 Den Sibenden tag Iulii Erlegt Mich
795 1998 1828 2118 ael Vischer Kharttenmaler Zu
789 2121 1802 2239 Augspurg von denen dreyhundert
807 2228 1826 2355 gulden welche ihme von weilundt
758 2349 1774 2480 Frauen Vrsula Hannsen Häckherle
796 2460 1822 2586 burger vnnd Appodeckhers alhie ehe
801 2588 1865 2722 liche hausfraw Innhalt ainer guetti
797 2720 1871 2869 gen vergleichunng aus Irer verlassung
680 3006 1663 3358 Latus per se
3037 424 4062 556 (vber das so sy Ime hieuor In Irem
3037 553 4043 669 Testament Legiert vnnd solches gelt
3029 677 4044 801 Zu augspurg ligt derentwegen
3047 795 4067 930 khain abfahrt geben khünen ) noch Zue
3055 934 4072 1060 gesprochen worden nemblichen die
3059 1047 4102 1219 abfahrt als dreissig Pfundt Pfenning
3550 1219 4558 1420 Idest f. 30 s d
2995 1573 4099 1698 Den Achtzehenden dits Erlegt Bartlme
3050 1685 4130 1819 Abelin von dinckhelspüchel die abfahrt
3055 1807 4109 1934 von denen Zwayhundert Pfund Pfen
3016 1937 4053 2064 nnig Welliche Ime sein eheleiblicher
3056 2057 4078 2181 Brueder Georg Abelin Burger vnd
3034 2178 4065 2318 Peckh alhie saligen In seinem Testa
3035 2302 4109 2433 ment verschafft Nemblichen Zwaintzig
3063 2436 4615 2636 Pfund Pfenning Idest f. 20 s d
3055 2723 4108 2881 Sowol auch den SechsundZwaintzigisten
2860 2969 4038 3281 Latus 50 f. s d
