4877 4102
750 466 1850 600 Ihr haußwierth säliger Zu gemainer
758 596 1838 726 Stat gebeüen verschafft hat nemblich
761 721 1809 877 Zwen gulden sechs schilling Pfenning
1306 860 2242 1052 Idest f. 2 s 6 d
695 1150 1800 1298 Den fünftzehenden Apprill Erlegt
720 1296 1793 1430 Gregor Artt burger vnd Eyßner
778 1440 1810 1558 alhie ain gulden welchen sein vor
765 1561 1809 1701 forder Steffan Poltz auch Eißner vnd
777 1697 1784 1826 dann die Zway Pfund Pfenning die
779 1824 1825 1938 sein verstorbne hausfraw Anna sali
749 1944 1856 2067 gen in ihrem Testament Zu gemainer
767 2060 1620 2214 Stat gebeüen verschafft haben
1137 2223 2220 2404 ꞩ f. 3 s d
696 2481 1811 2626 Den Sechtzehenden dits Erlegt Thoma
759 2612 1830 2746 Weigl als Gwalttrager an stath
779 2755 1781 2881 vnd in Namen weilent frauen
781 2993 1883 3262 Latus 5 f. 6 s d
3009 391 4132 549 Dorothea Pophartin Zu Thöbling saligen
3067 557 4131 675 hintterlaßnen Erben von der aner
3066 681 4140 819 storbnen Erbschafft Nemblichen fünf
3057 806 3728 946 Zehen gulden Reinisch
3571 909 4514 1083 Idest f. 15 s d
2983 1116 4074 1271 Den Anndern Maii Erlegt Hannß
3070 1270 4053 1399 Höckhl burger vnnd Appodegkher
3088 1387 4087 1522 alhie die fünf gulden Reinisch welche
3067 1520 4065 1645 sein verstorbner vorforder Hannß
3036 1642 4120 1778 Forster Khartenmaler alhie säliger
3016 1770 4069 1905 Zu gemainer Stat gebeüen ver
3056 1899 3268 2030 schafft
3554 1924 4505 2096 Idest f. 5 s d
2857 2160 4085 2412 Eodem die Erlegt obernenter Hanns
3054 2363 4157 2501 Höckherl gleichsfahls fünf gulden so
3084 2491 4084 2612 sein verstorbne hausfrau Vrsula
3071 2598 4128 2741 saliger auch Zu gemainer Stat Testiert
3474 2743 4566 2913 Idest f. 5 s d
2955 2993 4163 3277 Latus 25 f. s d
