4913 4080
787 453 1846 599 schmidt alhie die Zwen gulden welche
798 598 1868 737 sein verstorbne hausfraw Catharina
799 733 1787 882 salige in ihrem Testament Zu Ge
805 875 1817 1021 mainer Stat gebeüen verschafft
1306 1051 2258 1215 Idest f. 2. s d.
715 1243 1834 1390 Den ZwenunndZwaintzigisten Febru
771 1388 1817 1507 arii Erlegt herr Mathes Schwartz
780 1513 1800 1624 des aussern Raths alhie die fünf
775 1625 1807 1759 Pfundt Pfenning weliche sein ver
763 1754 1780 1877 storbne hausfrau Ottillia salige
756 1875 1798 2003 Zu gemainer Stat gebeüen Ver
791 2000 1082 2129 schafft hat
1245 2036 2206 2249 Idest f. 5 s d
706 2391 1780 2523 Den Viertzehenden Martii Erlegt
787 2519 1715 2640 frau Anna weillent Georgen
770 2640 1794 2765 Adeler Burger vnnd Barbierers
793 2767 1857 2902 alhie saligen hintter laßne wittib
556 3015 1819 3310 Latus 7 f. s d
3096 406 4122 541 die fünf gulden weliche gedachter
3097 547 4118 669 ihr haußwierth saliger in seinem
3086 677 4101 804 testament Zu gemainer Statt
3108 807 3672 949 gebeüen verschafft
3566 886 4577 1115 Idest f. 5 s d
3023 1166 4084 1295 Den Achten Appril Erlegt Fraw
3090 1301 4129 1424 Magdalena weilent huebertii f
3078 1427 4163 1551 Trypots säligen hintterlaßne wittib
3084 1548 4114 1673 die Zwen gulden welche gedachter
3080 1672 4175 1799 ihr haußwierth säliger Zu gemainer
3067 1794 3796 1934 Stat gebeüen Legiert
3605 1934 4529 2116 Idest f. 2 s d
3021 2206 4112 2336 Den Ailfften dits Erlegt weilent
3087 2334 4115 2458 Leonhardten Mayer burger vnd
3055 2457 4117 2608 Fleischhackhers alhie saligen hintter
3078 2600 4130 2707 laßne wittib Margaretha für Ain
3080 2703 4154 2853 Tausent Mauer Ziegl welche gedachter
2893 2964 4055 3252 Latus 7 f. s d
