<?xml version="1.0" encoding="UTF-8" standalone="yes"?>
<PcGts xmlns="http://schema.primaresearch.org/PAGE/gts/pagecontent/2013-07-15">
    <Metadata>
        <Creator>prov=READ-COOP:name=PyLaia@TranskribusPlatform:version=2.27.0:model_id=377405:lm=provided:date=30_07_2025_09:00</Creator>
        <Created>2025-07-22T09:53:06.675+02:00</Created>
        <LastChange>2025-08-28T13:06:59.874+02:00</LastChange>
        <TranskribusMetadata docId="9680257" pageId="100633592" pageNr="182" status="GT" userId="261754" imgUrl="https://files.transkribus.eu/Get?id=DEZVZDWTANLXZDDNGAGCDFGA&amp;fileType=view" imageId="84441565"/>
    </Metadata>
    <Page imageFilename="100633592.tif" imageWidth="6277" imageHeight="4768">
        <TextRegion id="region_162774768" custom="readingOrder {index:0;}">
            <Coords points="0,0 3138,0 3138,4768 0,4768"/>
            <TextLine id="tl_1753344075" custom="readingOrder {index:0;}">
                <Coords points="3118,645 3113,637 3098,634 2910,635 2858,644 2833,653 2807,658 2762,675 2748,683 2736,686 2680,711 2628,729 2580,742 2555,752 2507,778 2486,801 2483,816 2494,822 2522,824 2661,824 2831,809 2929,806 3019,810 3086,802 3099,787 3101,773 3106,760 3113,751 3116,731 3114,700 3118,672"/>
                <Baseline points="2483,775 3118,775"/>
                <TextEquiv>
                    <Unicode>f. kr. d.</Unicode>
                </TextEquiv>
            </TextLine>
            <TextLine id="tl_1753344057" custom="readingOrder {index:1;}">
                <Coords points="755,1073 773,1084 841,1092 1035,1097 2397,1098 2424,1090 2427,1055 2424,993 2347,978 1122,944 969,944 882,953 826,967 795,983 761,992 754,1005"/>
                <Baseline points="754,1058 2427,1058"/>
                <TextEquiv>
                    <Unicode>octob. 751. bis lezten Iunii 752.</Unicode>
                </TextEquiv>
            </TextLine>
            <TextLine id="tl_1753344066" custom="readingOrder {index:2;}">
                <Coords points="765,1118 2440,1118 2440,1250 765,1250"/>
                <Baseline points="765,1217 2440,1217"/>
                <TextEquiv>
                    <Unicode>auf drey Viertl Iahr beweiß</Unicode>
                </TextEquiv>
            </TextLine>
            <TextLine id="tl_1753344056" custom="readingOrder {index:3;}">
                <Coords points="3119,1246 3113,1228 3093,1222 2930,1217 2573,1229 2407,1263 2177,1277 1571,1276 1112,1263 842,1266 782,1278 777,1347 787,1358 1453,1361 1616,1359 1823,1345 2760,1342 3028,1322 3057,1304 3109,1291 3118,1276"/>
                <Baseline points="777,1325 3119,1325"/>
                <TextEquiv>
                    <Unicode>3. Quittungen 7 " 30 " - "</Unicode>
                </TextEquiv>
            </TextLine>
            <TextLine id="tl_1753344049" custom="readingOrder {index:4;}">
                <Coords points="735,1430 2408,1430 2408,1599 735,1599"/>
                <Baseline points="735,1556 2408,1556"/>
                <TextEquiv>
                    <Unicode>Ingleichen bezalte ich gedach</Unicode>
                </TextEquiv>
            </TextLine>
            <TextLine id="tl_1753344069" custom="readingOrder {index:5;}">
                <Coords points="748,1612 2395,1612 2395,1733 748,1733"/>
                <Baseline points="698,1702 2395,1702"/>
                <TextEquiv>
                    <Unicode>ten Ioseph Helminger welcher</Unicode>
                </TextEquiv>
            </TextLine>
            <TextLine id="tl_1753344058" custom="readingOrder {index:6;}">
                <Coords points="710,1740 2361,1740 2361,1852 710,1852"/>
                <Baseline points="710,1824 2361,1824"/>
                <TextEquiv>
                    <Unicode>ausgetretten und sich in hun</Unicode>
                </TextEquiv>
            </TextLine>
            <TextLine id="tl_1753344062" custom="readingOrder {index:7;}">
                <Coords points="707,1868 2398,1868 2398,1996 707,1996"/>
                <Baseline points="707,1964 2398,1964"/>
                <TextEquiv>
                    <Unicode>garn begeben das ihme alß</Unicode>
                </TextEquiv>
            </TextLine>
            <TextLine id="tl_1753344059" custom="readingOrder {index:8;}">
                <Coords points="705,2006 2376,2006 2376,2128 705,2128"/>
                <Baseline points="705,2096 2376,2096"/>
                <TextEquiv>
                    <Unicode>ein viaticum bewilligte Ver</Unicode>
                </TextEquiv>
            </TextLine>
            <TextLine id="tl_1753344055" custom="readingOrder {index:9;}">
                <Coords points="717,2130 2339,2130 2339,2272 717,2272"/>
                <Baseline points="717,2235 2339,2235"/>
                <TextEquiv>
                    <Unicode>mög berathschlagten anbrin</Unicode>
                </TextEquiv>
            </TextLine>
            <TextLine id="tl_1753344054" custom="readingOrder {index:10;}">
                <Coords points="712,2266 2486,2266 2486,2416 712,2416"/>
                <Baseline points="712,2377 2486,2377"/>
                <TextEquiv>
                    <Unicode>gen und darauf gestelter Quit</Unicode>
                </TextEquiv>
            </TextLine>
            <TextLine id="tl_1753344064" custom="readingOrder {index:11;}">
                <Coords points="3100,2420 3115,2391 3085,2383 2947,2399 2138,2446 801,2426 712,2438 708,2516 716,2530 738,2535 1131,2534 1368,2508 1587,2500 1916,2503 2346,2519 2739,2512 2992,2493 3092,2457"/>
                <Baseline points="708,2501 3100,2501"/>
                <TextEquiv>
                    <Unicode>tung mit 5 " - " - "</Unicode>
                </TextEquiv>
            </TextLine>
            <TextLine id="tl_1753344067" custom="readingOrder {index:12;}">
                <Coords points="667,2748 668,2835 682,2844 1156,2847 1538,2838 2131,2840 2263,2833 2333,2816 2336,2806 2336,2710 2329,2701 2262,2692 2004,2681 1470,2672 1265,2693 1111,2699 1040,2690 1008,2675 949,2661 865,2658 797,2668 776,2689 731,2702 721,2719 676,2732"/>
                <Baseline points="667,2799 2336,2799"/>
                <TextEquiv>
                    <Unicode>Dann betzalte ich dem Leopold</Unicode>
                </TextEquiv>
            </TextLine>
            <TextLine id="tl_1753344065" custom="readingOrder {index:13;}">
                <Coords points="746,2840 2327,2840 2327,2974 746,2974"/>
                <Baseline points="746,2939 2327,2939"/>
                <TextEquiv>
                    <Unicode>Brandtständt Invaliden Solda</Unicode>
                </TextEquiv>
            </TextLine>
            <TextLine id="tl_1753344072" custom="readingOrder {index:14;}">
                <Coords points="733,2976 2390,2976 2390,3097 733,3097"/>
                <Baseline points="733,3066 2390,3066"/>
                <TextEquiv>
                    <Unicode>ten Von 1.ten Augu. 751. bis dito</Unicode>
                </TextEquiv>
            </TextLine>
            <TextLine id="tl_1753344070" custom="readingOrder {index:15;}">
                <Coords points="741,3104 2328,3104 2328,3232 741,3232"/>
                <Baseline points="741,3200 2328,3200"/>
                <TextEquiv>
                    <Unicode>752. auf ain Iahr Inhalt 2.</Unicode>
                </TextEquiv>
            </TextLine>
            <TextLine id="tl_1753344077" custom="readingOrder {index:16;}">
                <Coords points="3113,3207 3111,3188 3060,3214 2953,3211 2809,3238 2794,3248 2768,3232 2704,3223 2379,3260 1723,3275 1377,3268 1214,3248 1099,3243 802,3244 769,3252 756,3267 755,3339 759,3352 1109,3355 1306,3352 1474,3352 1880,3339 1987,3343 2719,3342 2972,3303 3058,3266"/>
                <Baseline points="755,3319 3076,3319"/>
                <TextEquiv>
                    <Unicode>Quittungen 10 " - " -</Unicode>
                </TextEquiv>
            </TextLine>
            <TextLine id="tl_1753344043" custom="readingOrder {index:17;}">
                <Coords points="661,3444 2354,3444 2354,3670 661,3670"/>
                <Baseline points="661,3612 2354,3612"/>
                <TextEquiv>
                    <Unicode>Dem Matthias Stapff Von 1.ten</Unicode>
                </TextEquiv>
            </TextLine>
            <TextLine id="line_1753346296522_1738" custom="readingOrder {index:18;}">
                <Coords points="2272,3746 2404,3719 2465,3710 2724,3689 2824,3677 2902,3673 3024,3651 3071,3653 3082,3667 3108,3676 3106,3729 3058,3748 3034,3767 2973,3786 2959,3795 2879,3814 2668,3847 2456,3858 2341,3869 2272,3869"/>
                <Baseline points="2272,3816 3085,3816"/>
                <TextEquiv>
                    <Unicode>f " 22 " 30 " -</Unicode>
                </TextEquiv>
            </TextLine>
            <TextEquiv>
                <Unicode></Unicode>
            </TextEquiv>
        </TextRegion>
        <TextRegion id="region_262774768" custom="readingOrder {index:1;}">
            <Coords points="3139,0 6277,0 6277,4768 3139,4768"/>
            <TextLine id="tl_1753344078" custom="readingOrder {index:0;}">
                <Coords points="6080,712 6073,704 6060,702 6039,702 6000,710 5970,711 5943,708 5889,692 5836,691 5816,693 5801,699 5688,729 5591,743 5542,746 5464,755 5428,762 5405,770 5388,785 5382,799 5382,817 5392,829 5426,834 5986,836 6074,834 6079,829 6082,819 6082,770 6077,737"/>
                <Baseline points="5382,799 6082,799"/>
                <TextEquiv>
                    <Unicode>f. kr. d.</Unicode>
                </TextEquiv>
            </TextLine>
            <TextLine id="tl_1753344053" custom="readingOrder {index:1;}">
                <Coords points="5268,890 5261,881 5241,875 5072,873 4796,895 4445,905 4270,923 3815,932 3752,941 3732,957 3697,971 3691,984 3694,994 3688,1008 3688,1034 3693,1050 3705,1057 3743,1061 4324,1062 4745,1046 5079,1023 5195,1009 5260,993 5268,982"/>
                <Baseline points="3688,1014 5268,1014"/>
                <TextEquiv>
                    <Unicode>April 751. bis lezten Septb.</Unicode>
                </TextEquiv>
            </TextLine>
            <TextLine id="tl_1753344046" custom="readingOrder {index:2;}">
                <Coords points="5335,1081 5330,1059 5319,1050 5283,1042 5237,1040 4807,1052 4051,1094 3863,1099 3770,1108 3719,1121 3710,1131 3715,1201 3724,1212 5065,1191 5244,1187 5276,1183 5320,1160 5334,1128"/>
                <Baseline points="3709,1151 5335,1151"/>
                <TextEquiv>
                    <Unicode>752. auf 1 ½ Iahr lauth Decret</Unicode>
                </TextEquiv>
            </TextLine>
            <TextLine id="tl_1753344063" custom="readingOrder {index:3;}">
                <Coords points="6045,1276 6042,1264 6028,1255 5947,1231 5800,1209 5705,1203 4967,1225 4190,1218 3832,1228 3731,1239 3710,1252 3708,1302 3713,1324 3750,1333 4361,1333 4596,1325 4928,1295 5262,1304 5775,1305 5953,1297 6028,1286"/>
                <Baseline points="3708,1299 6045,1299"/>
                <TextEquiv>
                    <Unicode>und 3. Quittungen 15 " - " -</Unicode>
                </TextEquiv>
            </TextLine>
            <TextLine id="tl_1753344048" custom="readingOrder {index:4;}">
                <Coords points="5271,1462 5263,1446 5196,1416 5024,1406 4936,1408 4869,1421 4783,1447 4720,1455 4491,1459 4315,1474 4237,1473 4055,1451 3953,1429 3849,1429 3758,1446 3734,1463 3694,1472 3676,1500 3645,1509 3633,1518 3629,1591 3639,1602 3715,1612 4364,1611 4895,1588 5271,1546 5272,1532"/>
                <Baseline points="3629,1559 5272,1559"/>
                <TextEquiv>
                    <Unicode>Dem Ioseph Franz Aichhamer</Unicode>
                </TextEquiv>
            </TextLine>
            <TextLine id="tl_1753344044" custom="readingOrder {index:5;}">
                <Coords points="5286,1605 5282,1593 5262,1589 5018,1591 3923,1637 3756,1618 3673,1666 3656,1677 3655,1725 3661,1756 3684,1759 4452,1741 4716,1720 5148,1700 5283,1683"/>
                <Baseline points="3655,1703 5286,1703"/>
                <TextEquiv>
                    <Unicode>Von 1.ten Nouemb. 751. bis letz</Unicode>
                </TextEquiv>
            </TextLine>
            <TextLine id="tl_1753344052" custom="readingOrder {index:6;}">
                <Coords points="5273,1739 5267,1728 5250,1725 4820,1731 3757,1793 3681,1810 3677,1891 3697,1895 4447,1874 5148,1841 5211,1834 5270,1817"/>
                <Baseline points="3677,1836 5273,1836"/>
                <TextEquiv>
                    <Unicode>ten octob. 752. auf ain Iahr</Unicode>
                </TextEquiv>
            </TextLine>
            <TextLine id="tl_1753344073" custom="readingOrder {index:7;}">
                <Coords points="6087,1956 6003,1943 5840,1916 5771,1898 5661,1889 5232,1889 4887,1880 3801,1905 3697,1919 3679,1936 3679,2010 3698,2022 4501,2023 5159,2005 5268,1994 5429,1958 5493,1956 5572,1982 5717,1985 5952,1982 6069,1971"/>
                <Baseline points="3679,1985 6020,1985"/>
                <TextEquiv>
                    <Unicode>ut Decret und 2. Quittungen 10 " - " -</Unicode>
                </TextEquiv>
            </TextLine>
            <TextLine id="tl_1753344045" custom="readingOrder {index:8;}">
                <Coords points="5291,2141 5262,2135 5146,2118 4823,2125 4711,2135 4638,2153 4614,2164 4498,2182 4367,2193 4295,2193 3991,2159 3960,2139 3890,2127 3824,2129 3750,2142 3732,2164 3687,2177 3674,2206 3626,2220 3621,2294 3628,2305 3679,2308 4305,2308 4616,2295 4830,2293 5209,2265 5290,2249"/>
                <Baseline points="3621,2259 5277,2259"/>
                <TextEquiv>
                    <Unicode>Dem Franz Gertöckh Von 1.ten</Unicode>
                </TextEquiv>
            </TextLine>
            <TextLine id="tl_1753344074" custom="readingOrder {index:9;}">
                <Coords points="5258,2317 5244,2311 4924,2304 4544,2309 4374,2315 4024,2342 3797,2347 3726,2359 3699,2376 3664,2385 3655,2400 3655,2449 3664,2458 4538,2460 4792,2444 5006,2437 5191,2419 5254,2407 5258,2401"/>
                <Baseline points="3655,2421 5258,2421"/>
                <TextEquiv>
                    <Unicode>Febr. bis lezten Iulii 752.</Unicode>
                </TextEquiv>
            </TextLine>
            <TextLine id="tl_1753344051" custom="readingOrder {index:10;}">
                <Coords points="5264,2470 5250,2460 5207,2457 4745,2460 3733,2490 3682,2513 3676,2523 3639,2576 3647,2584 5211,2582 5241,2579 5263,2565"/>
                <Baseline points="3639,2550 5264,2550"/>
                <TextEquiv>
                    <Unicode>auf ain halbes Iahr Vermög</Unicode>
                </TextEquiv>
            </TextLine>
            <TextLine id="tl_1753344071" custom="readingOrder {index:11;}">
                <Coords points="3657,2731 3669,2741 4539,2739 4729,2721 4775,2706 4965,2686 5364,2678 5476,2672 5549,2684 5907,2688 5999,2676 6080,2660 6083,2644 6013,2628 5995,2620 5902,2612 5336,2615 4659,2605 3698,2609 3659,2622"/>
                <Baseline points="3657,2707 6018,2707"/>
                <TextEquiv>
                    <Unicode>Decret und Quittung 5 " - " -</Unicode>
                </TextEquiv>
            </TextLine>
            <TextLine id="tl_1753344060" custom="readingOrder {index:12;}">
                <Coords points="3629,3033 3636,3040 3666,3043 4380,3043 4732,3028 5221,2996 5224,2989 5224,2871 5217,2863 5192,2859 5018,2853 4902,2866 4769,2889 4665,2896 4502,2897 4349,2919 4280,2919 4096,2899 4039,2886 4019,2863 3975,2855 3895,2851 3834,2855 3748,2877 3730,2891 3692,2900 3678,2923 3633,2937"/>
                <Baseline points="3629,2995 5224,2995"/>
                <TextEquiv>
                    <Unicode>Dem Lorenz domayr Von letz</Unicode>
                </TextEquiv>
            </TextLine>
            <TextLine id="tl_1753344061" custom="readingOrder {index:13;}">
                <Coords points="5244,3046 5240,3036 5200,3031 4932,3030 4616,3040 3755,3084 3661,3101 3653,3117 3652,3176 3682,3181 4358,3180 4799,3163 5135,3142 5238,3129 5244,3115"/>
                <Baseline points="3652,3141 5244,3141"/>
                <TextEquiv>
                    <Unicode>ten Septb. 751. bis dito 752.</Unicode>
                </TextEquiv>
            </TextLine>
            <TextLine id="tl_1753344050" custom="readingOrder {index:14;}">
                <Coords points="5257,3185 5250,3176 5231,3173 4643,3180 4338,3192 3987,3218 3808,3226 3732,3236 3678,3256 3668,3276 3666,3316 3672,3325 4770,3326 5133,3319 5190,3313 5251,3284 5257,3256"/>
                <Baseline points="3666,3287 5257,3287"/>
                <TextEquiv>
                    <Unicode>auf ain Iahr Inhalt Decret</Unicode>
                </TextEquiv>
            </TextLine>
            <TextLine id="tl_1753344068" custom="readingOrder {index:15;}">
                <Coords points="5962,3397 5954,3386 5781,3368 5714,3350 5623,3343 4829,3371 3766,3380 3671,3396 3655,3407 3654,3478 4461,3480 5534,3458 5854,3441 5978,3427"/>
                <Baseline points="3654,3445 5880,3445"/>
                <TextEquiv>
                    <Unicode>und 4. Quittungen 10 " - " -</Unicode>
                </TextEquiv>
            </TextLine>
            <TextLine id="tl_1753344047" custom="readingOrder {index:16;} unclear {offset:13;length:9;}">
                <Coords points="3618,3709 3627,3725 3695,3744 3961,3772 4200,3772 4354,3761 4668,3761 4852,3732 5159,3708 5285,3681 5300,3674 5306,3661 5306,3563 5298,3550 5278,3544 5130,3535 4176,3531 3869,3537 3752,3554 3689,3575 3666,3609 3635,3618 3622,3629"/>
                <Baseline points="3618,3711 5306,3711"/>
                <TextEquiv>
                    <Unicode>Dem Augustin Scheinpel Von 4.ten</Unicode>
                </TextEquiv>
            </TextLine>
            <TextLine id="line_1753346350766_1766" custom="readingOrder {index:17;}">
                <Coords points="5210,3788 6083,3788 6085,3904 5212,3904"/>
                <TextEquiv>
                    <Unicode>40 " - " -</Unicode>
                </TextEquiv>
            </TextLine>
            <TextEquiv>
                <Unicode></Unicode>
            </TextEquiv>
        </TextRegion>
    </Page>
</PcGts>
