<?xml version="1.0" encoding="UTF-8" standalone="yes"?>
<PcGts xmlns="http://schema.primaresearch.org/PAGE/gts/pagecontent/2013-07-15">
    <Metadata>
        <Creator>prov=READ-COOP:name=PyLaia@TranskribusPlatform:version=2.25.0:model_id=314193:lm=provided:date=03_04_2025_14:09</Creator>
        <Created>2025-04-03T11:12:31.671+02:00</Created>
        <LastChange>2025-11-24T10:58:08.537+01:00</LastChange>
        <TranskribusMetadata docId="7762055" pageId="94498353" pageNr="66" status="GT" userId="261754" imgUrl="https://files.transkribus.eu/Get?fileType=view&amp;id=LDUEKEYLFALEZETNDXSUQIFF" imageId="79033739"/>
    </Metadata>
    <Page imageFilename="94498353.tif" imageWidth="5124" imageHeight="4009">
        <TextRegion id="region_151244009" custom="readingOrder {index:0;}">
            <Coords points="0,0 2562,0 2562,4009 0,4009"/>
            <TextLine id="line_1743675238638_503" custom="readingOrder {index:0;}">
                <Coords points="792,516 848,504 972,501 1012,505 1080,532 1106,538 1127,550 1184,561 1330,567 1445,581 1529,586 1754,575 1889,578 1907,585 1918,594 1918,700 1905,705 1837,707 1759,699 1619,704 1537,694 1450,690 1259,694 1138,685 792,685"/>
                <Baseline points="792,654 1910,654"/>
                <TextEquiv>
                    <Unicode>hunndert gulden Teütsches gelt die selben Ime</Unicode>
                </TextEquiv>
            </TextLine>
            <TextLine id="line_1743675240595_509" custom="readingOrder {index:1;}">
                <Coords points="788,704 801,704 1169,703 1314,713 1478,711 1610,727 1769,716 1832,716 1930,731 1945,755 1921,766 1916,780 1918,810 1914,819 1903,828 1888,831 1758,830 1462,814 1372,818 1274,833 1218,835 1162,831 1126,821 1074,815 807,814 788,812"/>
                <Baseline points="788,802 1921,802"/>
                <TextEquiv>
                    <Unicode>von dato über Zway Monnat widerumben mit</Unicode>
                </TextEquiv>
            </TextLine>
            <TextLine id="tl_1743674575" custom="readingOrder {index:2;}">
                <Coords points="1871,864 1868,858 1855,853 1684,857 1619,853 1493,838 1415,839 1264,858 1220,858 1031,845 817,843 790,845 779,851 775,861 774,887 779,937 809,951 831,955 1086,954 1229,968 1354,966 1405,970 1459,969 1526,961 1585,961 1660,971 1706,973 1862,958 1871,948"/>
                <Baseline points="774,937 1871,937"/>
                <TextEquiv>
                    <Unicode>guetem Teütschen gelt betzalt worden Da</Unicode>
                </TextEquiv>
            </TextLine>
            <TextLine id="tl_1743674568" custom="readingOrder {index:3;}">
                <Coords points="793,977 794,1092 807,1101 852,1110 1424,1137 1606,1134 1835,1140 1914,1131 1932,1120 1935,1108 1936,1041 1931,1011 1924,1004 1905,998 1884,980 1840,970 1661,974 1555,970 1429,972 1107,965 911,967 819,964 804,966"/>
                <Baseline points="793,1096 1936,1096"/>
                <TextEquiv>
                    <Unicode>rumben Ich Ime ain Ambtsschein angehenndigt</Unicode>
                </TextEquiv>
            </TextLine>
            <TextLine id="tl_1743674590" custom="readingOrder {index:4;}">
                <Coords points="2530,1207 2489,1198 2481,1195 2407,1191 2282,1172 2241,1176 2170,1193 2101,1198 2062,1197 1928,1178 1818,1178 1751,1185 1637,1206 1565,1238 1560,1255 1558,1319 1561,1331 1577,1341 1641,1346 1952,1344 2141,1351 2192,1346 2480,1342 2487,1339 2530,1327"/>
                <Baseline points="1558,1304 2496,1304"/>
                <TextEquiv>
                    <Unicode>Idest f. 300 s - d -</Unicode>
                </TextEquiv>
            </TextLine>
            <TextLine id="tl_1743674578" custom="readingOrder {index:5;}">
                <Coords points="703,1651 707,1711 717,1719 766,1738 1076,1739 1238,1728 1420,1727 1598,1740 1849,1744 1898,1739 1911,1731 1923,1725 1921,1594 1901,1583 1848,1571 1713,1572 1552,1581 1459,1578 1400,1571 1302,1571 1188,1583 1002,1584 860,1591 755,1603 713,1626 706,1636"/>
                <Baseline points="703,1700 1913,1700"/>
                <TextEquiv>
                    <Unicode>Den Sechsten Martii Erlegt der Edl Ehrnuesst</Unicode>
                </TextEquiv>
            </TextLine>
            <TextLine id="tl_1743674589" custom="readingOrder {index:6;}">
                <Coords points="759,1768 761,1849 777,1859 819,1866 990,1863 1133,1854 1354,1856 1521,1852 1698,1867 1883,1869 1921,1867 1930,1862 1932,1856 1930,1774 1919,1768 1872,1759 1574,1756 1492,1741 1459,1739 1378,1745 1238,1745 1160,1737 978,1736 806,1739 769,1749"/>
                <Baseline points="759,1835 1932,1835"/>
                <TextEquiv>
                    <Unicode>herr Wolf Prämer hanndlßman vnnd des Kayser</Unicode>
                </TextEquiv>
            </TextLine>
            <TextLine id="tl_1743674572" custom="readingOrder {index:7;}">
                <Coords points="789,1898 789,1983 799,1993 838,2000 927,2002 1122,1997 1209,2009 1285,2010 1418,2006 1521,1990 1691,1990 1819,1997 1828,1994 1834,1987 1834,1926 1829,1918 1807,1911 1789,1897 1750,1885 1709,1879 1560,1871 1292,1875 1220,1868 844,1872 807,1880 797,1885"/>
                <Baseline points="789,1973 1834,1973"/>
                <TextEquiv>
                    <Unicode>lichen Statgerichts alhie Beysitzer Zw ge</Unicode>
                </TextEquiv>
            </TextLine>
            <TextLine id="tl_1743674562" custom="readingOrder {index:8;}">
                <Coords points="1898,2028 1888,2012 1853,2003 1733,2000 1623,2001 1548,2006 1405,2025 1324,2022 1236,2024 1121,2012 952,2021 828,2023 795,2027 782,2036 781,2114 785,2126 800,2131 1020,2129 1189,2144 1395,2118 1463,2116 1550,2124 1579,2130 1599,2139 1669,2150 1717,2153 1857,2151 1886,2147 1898,2137"/>
                <Baseline points="781,2114 1898,2114"/>
                <TextEquiv>
                    <Unicode>mainer Stat gegen sechs Per Cennto Achthunn</Unicode>
                </TextEquiv>
            </TextLine>
            <TextLine id="tl_1743674585" custom="readingOrder {index:9;}">
                <Coords points="1827,2184 1815,2174 1785,2168 1648,2156 1548,2133 1429,2133 1356,2146 1275,2151 1205,2173 1165,2179 1125,2177 1082,2167 1059,2157 1021,2151 933,2149 823,2152 777,2158 768,2164 767,2243 770,2252 780,2257 848,2265 957,2264 1077,2256 1138,2256 1246,2263 1355,2252 1504,2256 1618,2265 1798,2267 1817,2265 1827,2258"/>
                <Baseline points="767,2232 1827,2232"/>
                <TextEquiv>
                    <Unicode>dert gulden welche von denen Zway Tausennt</Unicode>
                </TextEquiv>
            </TextLine>
            <TextLine id="tl_1743674564" custom="readingOrder {index:10;}">
                <Coords points="774,2291 774,2388 780,2396 799,2400 1040,2398 1167,2387 1305,2394 1484,2387 1536,2393 1601,2408 1730,2413 1800,2407 1888,2406 1902,2401 1905,2395 1904,2288 1897,2281 1853,2275 1468,2274 1360,2280 1230,2278 1118,2267 829,2268 786,2275 776,2282"/>
                <Baseline points="774,2375 1905,2375"/>
                <TextEquiv>
                    <Unicode>vnnd vierhundert gulden Reinisch haubt suma</Unicode>
                </TextEquiv>
            </TextLine>
            <TextLine id="tl_1743674583" custom="readingOrder {index:11;}">
                <Coords points="751,2521 754,2529 765,2534 1110,2533 1214,2517 1333,2513 1465,2516 1595,2529 1847,2527 1879,2524 1885,2518 1886,2509 1885,2461 1878,2452 1780,2426 1657,2421 1501,2401 1429,2401 1339,2409 1261,2402 818,2405 797,2408 759,2425 752,2434"/>
                <Baseline points="751,2500 1886,2500"/>
                <TextEquiv>
                    <Unicode>so Michael Hönig Rom. Kay. Mtt. etc. dienner</Unicode>
                </TextEquiv>
            </TextLine>
            <TextLine id="tl_1743674570" custom="readingOrder {index:12;}">
                <Coords points="1862,2558 1855,2551 1824,2542 1774,2537 1364,2531 1329,2534 1294,2543 1180,2541 1139,2546 1031,2537 824,2539 781,2544 764,2554 763,2638 767,2646 777,2650 843,2658 1015,2653 1141,2658 1345,2647 1413,2653 1479,2666 1530,2665 1596,2655 1656,2655 1778,2667 1859,2666 1864,2657"/>
                <Baseline points="763,2633 1864,2633"/>
                <TextEquiv>
                    <Unicode>vnnd Susanna sein eheliche hausfraw Bei ge</Unicode>
                </TextEquiv>
            </TextLine>
            <TextLine id="tl_1743674579" custom="readingOrder {index:13;}">
                <Coords points="779,2695 779,2765 785,2772 798,2775 987,2775 1189,2784 1379,2785 1495,2797 1654,2804 1896,2806 1910,2804 1911,2744 1907,2732 1880,2719 1864,2695 1812,2681 1647,2668 1480,2669 1310,2662 1169,2675 1045,2667 952,2667 802,2678 786,2683"/>
                <Baseline points="779,2770 1911,2770"/>
                <TextEquiv>
                    <Unicode>mainer Stat alhie Ligennt gehabt herrüren</Unicode>
                </TextEquiv>
            </TextLine>
            <TextLine id="tl_1743674565" custom="readingOrder {index:14;}">
                <Coords points="1864,2844 1857,2831 1787,2813 1523,2807 1403,2795 1264,2795 1070,2801 828,2799 794,2804 783,2808 779,2815 779,2928 790,2940 831,2948 1174,2946 1452,2958 1849,2958 1858,2956 1864,2945"/>
                <Baseline points="779,2915 1864,2915"/>
                <TextEquiv>
                    <Unicode>vnnd Ime durch Wilhelmb Wilfing übergeben</Unicode>
                </TextEquiv>
            </TextLine>
            <TextLine id="tl_1743674582" custom="readingOrder {index:15;}">
                <Coords points="604,3142 604,3192 609,3218 633,3253 645,3263 681,3282 768,3291 828,3292 856,3297 878,3307 910,3329 1178,3323 1218,3316 1243,3301 1303,3297 1335,3286 1389,3279 1402,3271 1406,3254 1406,3089 1403,3059 1391,3042 1366,3035 1305,3042 1273,3040 1184,3026 1152,3014 1092,3009 1051,2995 945,2993 867,3015 845,3026 821,3032 799,3046 766,3054 750,3065 722,3074 706,3084 672,3091 626,3114 609,3129"/>
                <Baseline points="604,3389 1406,3389"/>
                <TextEquiv>
                    <Unicode>Latus per see.</Unicode>
                </TextEquiv>
            </TextLine>
            <TextEquiv>
                <Unicode>hundert gulden Teutsches gelt die selben Ime
von dato über Zway Monnat widerumben mit
gueten Teutschen gelt betzalt worden Da
rumben Ich Ime ain Ambtsschein angehenndigt
Idest f. 300 s - d -
Den Sechsten Martii Erlegt der Edl Ehrnuesst
herr Wolf Prämer hanndlßman vnnd des Kayser
lichen Statgerichts alhie Beysitzer Zw ge
mainer Stat gegen sechs Per Cennto Achthunn
dert gulden welche von denen Zway Tausennt
vnnd vierhundert gulden Reinisch haubt suma
so Michael Hönig Rom. Kay. Mtt. etc. dienner
vnnd Susanna sein eheliche hausfraw Bei ge
mainer Stat alhie Ligennt gehabt herrüren
vnnd Ime durch Wilhelmb Wilfing übergeben
Latus per see.</Unicode>
            </TextEquiv>
        </TextRegion>
        <TextRegion id="region_251244009" custom="readingOrder {index:1;}">
            <Coords points="2562,0 5124,0 5124,4009 2562,4009"/>
            <TextLine id="tl_1743674576" custom="readingOrder {index:0;}">
                <Coords points="4386,587 4383,574 4376,568 4353,561 4343,553 4318,543 4297,526 4261,516 4176,513 4055,521 3976,521 3944,524 3901,535 3877,547 3787,571 3749,572 3686,559 3659,557 3577,563 3398,565 3335,571 3317,580 3316,651 3321,662 3344,671 3409,686 3482,693 3528,692 3637,677 3758,683 3871,667 3906,666 4016,674 4190,666 4348,677 4370,675 4384,669"/>
                <Baseline points="3316,648 4386,648"/>
                <TextEquiv>
                    <Unicode>worden die Ime oder seinen Erben Mann sie</Unicode>
                </TextEquiv>
            </TextLine>
            <TextLine id="tl_1743674588" custom="readingOrder {index:1;}">
                <Coords points="4403,728 4360,709 4343,701 4310,699 4213,704 4104,697 4076,699 4010,716 3895,702 3735,704 3652,714 3549,721 3435,737 3351,730 3311,735 3302,740 3299,747 3299,803 3311,811 3354,815 3546,811 3660,818 3742,815 3878,798 4037,811 4136,804 4352,803 4364,799 4403,794"/>
                <Baseline points="3299,787 4367,787"/>
                <TextEquiv>
                    <Unicode>deren bedürfftig vnnd die dem Statbrauch</Unicode>
                </TextEquiv>
            </TextLine>
            <TextLine id="tl_1743674580" custom="readingOrder {index:2;}">
                <Coords points="4395,844 4381,834 4327,822 4112,819 4023,828 3975,828 3911,815 3874,813 3819,816 3784,824 3673,839 3626,850 3554,840 3506,838 3465,844 3388,869 3337,875 3300,884 3292,893 3292,935 3296,942 3310,947 3412,956 3525,959 3850,956 3970,969 4035,964 4097,964 4166,949 4210,944 4370,943 4380,940 4396,932"/>
                <Baseline points="3292,930 4386,930"/>
                <TextEquiv>
                    <Unicode>nach Ain halbs Iar Zuuor aufkhündten Aus</Unicode>
                </TextEquiv>
            </TextLine>
            <TextLine id="tl_1743674581" custom="readingOrder {index:3;}">
                <Coords points="4396,980 4392,973 4381,968 4296,969 4207,965 4142,974 4089,976 3946,962 3858,960 3725,976 3621,976 3517,983 3335,982 3308,985 3297,990 3293,996 3290,1073 3296,1084 3309,1088 3402,1088 3506,1099 3551,1098 3661,1084 3709,1084 3783,1098 3829,1098 3965,1085 4025,1086 4103,1095 4213,1080 4379,1078 4393,1073 4396,1068"/>
                <Baseline points="3290,1062 4396,1062"/>
                <TextEquiv>
                    <Unicode>gemainer Stat einkhumen vnnd gefölln be</Unicode>
                </TextEquiv>
            </TextLine>
            <TextLine id="tl_1743674573" custom="readingOrder {index:4;}">
                <Coords points="4368,1122 4389,1098 4375,1090 4288,1097 4159,1099 4076,1105 3938,1105 3825,1120 3774,1115 3741,1107 3688,1105 3457,1127 3395,1122 3360,1112 3321,1113 3308,1119 3304,1128 3303,1204 3305,1209 3322,1214 3554,1213 3686,1229 3735,1227 3816,1215 3952,1214 4086,1220 4251,1213 4350,1222 4363,1218 4368,1209"/>
                <Baseline points="3303,1196 4368,1196"/>
                <TextEquiv>
                    <Unicode>Zalt darumben Ime auf Ratschlag hiebei</Unicode>
                </TextEquiv>
            </TextLine>
            <TextLine id="tl_1743674571" custom="readingOrder {index:5;}">
                <Coords points="3280,1221 4379,1221 4379,1392 3280,1392"/>
                <Baseline points="3280,1347 4379,1347"/>
                <TextEquiv>
                    <Unicode>Ain geferttigte obligation Zuegestelt worden</Unicode>
                </TextEquiv>
            </TextLine>
            <TextLine id="tl_1743674586" custom="readingOrder {index:6;}">
                <Coords points="4887,1484 4879,1475 4859,1469 4697,1454 4617,1436 4583,1422 4571,1412 4568,1402 4553,1380 4552,1373 4561,1363 4553,1353 4488,1351 4460,1363 4457,1374 4409,1397 4392,1413 4350,1429 4141,1446 4045,1460 3996,1476 3965,1494 3950,1511 3947,1532 3947,1607 3954,1618 3971,1621 4173,1621 4307,1618 4442,1606 4737,1602 4845,1594 4872,1589 4885,1577"/>
                <Baseline points="3947,1552 4887,1552"/>
                <TextEquiv>
                    <Unicode>Idest f 800 s - d -</Unicode>
                </TextEquiv>
            </TextLine>
            <TextLine id="tl_1743674587" custom="readingOrder {index:7;}">
                <Coords points="3223,1871 3224,1930 3229,1945 3248,1963 3268,1993 3288,1997 3505,1995 3787,2007 3874,1997 3915,1996 3982,2004 4015,2004 4141,1990 4288,1987 4324,1981 4329,1973 4329,1882 4324,1873 4313,1869 4196,1868 4113,1880 4032,1882 3884,1862 3672,1849 3566,1867 3461,1873 3390,1866 3324,1846 3272,1837 3236,1842 3226,1855"/>
                <Baseline points="3223,1963 4329,1963"/>
                <TextEquiv>
                    <Unicode>Item Stell Ich in Empfanng die Sechs</Unicode>
                </TextEquiv>
            </TextLine>
            <TextLine id="tl_1743674561" custom="readingOrder {index:8;}">
                <Coords points="4326,2069 4324,2055 4319,2050 4297,2042 4284,2028 4228,2013 4088,2013 3977,2033 3935,2032 3865,2019 3825,2018 3756,2033 3724,2036 3614,2025 3382,2021 3337,2028 3297,2047 3292,2063 3290,2130 3292,2148 3297,2155 3334,2163 3543,2163 3675,2175 3763,2174 3968,2158 4048,2157 4175,2141 4309,2131 4320,2127 4325,2121"/>
                <Baseline points="3290,2133 4326,2133"/>
                <TextEquiv>
                    <Unicode>hundert gulden Reinisch haubtsumma</Unicode>
                </TextEquiv>
            </TextLine>
            <TextLine id="tl_1743674563" custom="readingOrder {index:9;}">
                <Coords points="4395,2183 4382,2170 4369,2164 4238,2165 4119,2155 3959,2162 3677,2190 3496,2187 3343,2173 3301,2180 3289,2187 3286,2258 3288,2274 3304,2283 3459,2286 3544,2295 3617,2312 3651,2314 3857,2311 3918,2299 4012,2272 4101,2271 4216,2282 4372,2268 4384,2262 4395,2258"/>
                <Baseline points="3286,2272 4386,2272"/>
                <TextEquiv>
                    <Unicode>so weillenndt hannsen Hentalers gewesten</Unicode>
                </TextEquiv>
            </TextLine>
            <TextLine id="tl_1743674577" custom="readingOrder {index:10;}">
                <Coords points="3282,2327 3282,2421 3286,2433 3302,2442 3342,2444 3447,2431 3567,2423 3766,2430 3847,2441 3891,2441 3938,2435 3988,2421 4031,2416 4269,2420 4347,2425 4360,2420 4376,2420 4376,2326 4355,2312 4340,2309 4150,2313 4094,2308 4033,2308 3804,2354 3767,2358 3720,2357 3656,2343 3492,2327 3384,2307 3333,2305 3300,2309 3289,2313"/>
                <Baseline points="3282,2407 4363,2407"/>
                <TextEquiv>
                    <Unicode>Pflegers der Herrschafft Stätz seeligen</Unicode>
                </TextEquiv>
            </TextLine>
            <TextLine id="tl_1743674584" custom="readingOrder {index:11;}">
                <Coords points="4328,2502 4320,2483 4304,2480 4282,2465 4243,2461 4161,2465 4044,2463 4011,2467 3857,2471 3786,2470 3710,2481 3667,2480 3629,2470 3551,2465 3443,2480 3319,2482 3299,2493 3282,2497 3275,2503 3273,2567 3278,2574 3311,2580 3371,2580 3479,2572 3691,2577 3768,2570 3826,2570 3889,2577 3936,2578 4009,2571 4313,2564 4325,2561 4328,2554"/>
                <Baseline points="3273,2548 4328,2548"/>
                <TextEquiv>
                    <Unicode>hinderlaßnen eheleiblichen Tochter Ietzo</Unicode>
                </TextEquiv>
            </TextLine>
            <TextLine id="tl_1743674569" custom="readingOrder {index:12;}">
                <Coords points="3278,2658 3279,2715 3294,2726 3322,2730 3471,2739 3498,2736 3562,2718 3603,2715 3693,2718 3806,2730 4007,2726 4237,2709 4366,2710 4376,2705 4379,2698 4379,2617 4371,2599 4328,2590 3867,2592 3816,2589 3711,2591 3609,2586 3554,2592 3455,2617 3327,2628 3284,2640"/>
                <Baseline points="3278,2700 4379,2700"/>
                <TextEquiv>
                    <Unicode>herrn Philiberti Michaeli Röm. Kay.</Unicode>
                </TextEquiv>
            </TextLine>
            <TextLine id="tl_1743674566" custom="readingOrder {index:13;}">
                <Coords points="3274,2800 3275,2887 3283,2895 3303,2899 3577,2904 4000,2895 4185,2904 4278,2904 4320,2897 4349,2885 4358,2872 4357,2765 4346,2755 4304,2748 4188,2743 4024,2744 3954,2738 3783,2738 3677,2731 3584,2731 3521,2740 3416,2771 3326,2780 3279,2792"/>
                <Baseline points="3274,2860 4358,2860"/>
                <TextEquiv>
                    <Unicode>Mtt. etc Capellen Tenoristen eheliche hauß</Unicode>
                </TextEquiv>
            </TextLine>
            <TextLine id="tl_1743674592" custom="readingOrder {index:14;}">
                <Coords points="3146,3214 3151,3221 3168,3226 3224,3231 3529,3236 3800,3235 3826,3230 3850,3216 3856,3210 3863,3178 3870,3164 3872,3152 3870,3145 3862,3073 3831,3075 3740,3080 3701,3086 3650,3082 3608,3105 3576,3109 3548,3113 3282,3111 3231,3121 3175,3139 3153,3151 3148,3156 3146,3163"/>
                <Baseline points="3146,3204 3872,3204"/>
                <TextEquiv>
                    <Unicode>Latus per see.</Unicode>
                </TextEquiv>
            </TextLine>
            <TextEquiv>
                <Unicode>worden die Ime oder seinen Erber Mann sie
deren bedürfftig vnnd die dem Statbrauch
nach Ain halbs Iar Zuuor aufkhündten Aus
gemainer Stat einkhumen vnnd gefölln be
Zalt darumben Ime auf Ratschlag hiebei
Ain geferttigte obligation Zuegestelt worden
Idest f 800 s - d -
Item Stell Ich in Empfanng die Sechs
hundert gulden Reinisch haubtsumma
so weillenndt hannsen Hentalers gewesen
Pflegers der Herrschafft Stätz seeligen
hinderlaßnen eheleiblichen Tochter Ietzo
herrn Philiberti Michaeli Röm. Kay.
Mtt. Capellen Tenoristen eheliche hauß
Latus per see.</Unicode>
            </TextEquiv>
        </TextRegion>
    </Page>
</PcGts>
