5110 4015
831 534 1836 720 Ainhundert gulden Reinisch die sollen
822 700 1870 859 Inen Zwen Pflegkhindern Zw derselben ge
838 860 1884 980 uogten Iaren Aus gemainer Stat einkhummen
827 981 1896 1129 vnnd geföllen betzallt werden doch das sie Zur
820 1118 1898 1270 betzalung dem Statbrauch nach Ain halb
816 1258 1678 1409 Iar Zuuor Ordentlich verkhündten
1624 1259 2516 1591 Idest f. 100. s - d -
717 1807 1833 1979 Den vierten Augustii Erlegt Fraw Maria
796 1975 1867 2107 des Edlen vnnd hochgelerten herrn Geörgen
776 2106 1890 2257 Mospach der Artzney doctors alhie hausfraw
799 2258 1853 2397 mit ainem Aus wexl so Ier von Ieres ehe
784 2381 1856 2505 leiblichen Bruedern weillenndt Anndreen
786 2505 1873 2649 Schönawitzen seeligen verlassung Innhallt
790 2650 1901 2791 darüber aufgerichten Testamennt vnd vertrag
804 2792 1889 2954 gebüeren benenntlichen dreyhunndert gulden
690 2967 1422 3304 Latus per see.
3214 538 4360 718 Reinisch die sollen Ier wann sie deren bedürfftig
3242 703 4327 849 vnnd Ain halb Iar Zuuor dem Statbrauch nach
3245 844 4302 991 aufkhündten wirdt Aus gemainer Stat ein
3231 980 4298 1132 khumen vnnd geföllen betzalt vnnd mitler
3233 1108 4288 1273 weil Iedes hunndert mit fünf Per Cennto
3263 1275 3625 1401 vertzinst worden
3968 1331 4869 1492 Idest f. 300. s - d -
3195 1748 4300 1967 Eodem die Erlegt Fraw Dorothea Khöllin
3251 1934 4308 2089 wittib mit ainem Auswexl so Ier von Ier
3260 2078 4328 2224 em eheleiblichen Bruedern weillenndt Annd
3253 2221 4320 2373 reen Schänawitzen seeligen verlassung Inn
3241 2364 4352 2523 halt seines gethonen Testamennts vnnd darüber
3247 2488 4344 2637 aufgerichten vertag gebüern Benenntlichen
3241 2636 4320 2787 Sechs hunndert gulden Reinisch die sollen Ier
3255 2786 4335 2924 wann Sie deren bedürfftig vnnd Ain halb Iar
3261 2928 4382 3079 Zuuor den Statbrauch nach aufkhündten wirdt
3144 3081 3689 3331 Latus per see.
