5130 3827
730 428 2033 612 vierhunndert Taller thuen in Munß
759 534 2510 729 466 γ. 5 s. 10 d. Idest f. 466 s 5 d 10.
614 752 1946 937 Herr Fridrich Han bey der gullden Ganß
723 920 1932 1029 hat dargelichen an Intereße auf Zway
700 967 2503 1149 Iar lang vt Schulldbrieff f. 600 s. d.
647 1180 2043 1370 Herr Valthin Pluembl hat auch auf Zway Iar
711 1333 2506 1504 doch aufs Gmain Intereße dargelichen f. 300 s. d.
668 1554 2003 1748 H. Lorentz Schauckherl hat erlegt doch
736 1721 2009 1836 nur auf ain Iar lanng Vom hunndert
743 1776 2524 1967 funf Phunndt Phening Zinß f. 1000 s. d
685 2022 1979 2168 Dergleichen hat di frau Linndtnerin
756 2149 2132 2273 Wittib auff ain Iar lanng dargelichen
788 2257 2016 2386 an Intereße Vt Schulldbrieff Ain
752 2351 2538 2551 Taußent Phunnd Phening Idest f. 1000 s. d.
616 2616 1863 2845 Latus 3366 γ. 5 s 10 d
2932 410 4335 581 Mer hat Niclaß Khärner Burger vnnd grunt
3050 570 4281 671 Puechs Verwalltter Zu beZallung vnnd
3036 663 4312 783 darleyhung der Zehen taußent gullden
3042 766 4290 877 so Gemaine Stat der Khu. Wde Zu Ge
3043 871 4273 979 haimb Vnnsern genedigisten herrn
3039 964 4285 1085 Aufbracht vnnd für Ir Khu. Wd. Alls
3044 1075 4345 1202 selbs Zaller Verschriben Auf ain Iar lanng
3050 1189 4347 1308 dargelichen von Ainhundert funf Phunt
3050 1297 4408 1428 Intereße dreyhundert Taller gegen
3056 1423 4911 1581 ainer Ververttigten Obligation ꞩ f. 350 s. d.
2968 1643 4373 1862 Vnd Nachdem der Edl vnnd hochgelert herr
3041 1844 4324 1967 Frantz Emerich Ro. Khay. Mt. etc Rathe
3065 1950 4362 2070 Vnnd der Ertzney doctor Neben andern
3072 2064 4315 2175 seinen Testaments Articuln Auch
3027 2166 4319 2302 Zwue Stifft Auf Zurichten beuelchen
3031 2279 4334 2423 Als Nemblichen auf drey Stipendiaten
3053 2410 4295 2557 Zustifften ainen aus der Statt
2958 2596 3803 2829 Latus per Se.
