5141 3842
685 456 2003 622 Verner den ersten Septembris hat mir
718 618 2008 736 abermallen der Prottbeschauer Peckhen
704 676 2469 870 Straffgelltt Zuegestelltt f. 6 s. d
689 920 2068 1109 Den NeunvnndZwaintzigisten Septemb
723 1069 2506 1257 ris hab Ich abermals emphangen f. 1 s 4 d.
689 1321 2004 1481 Item den NeunvnndZwaintzigisten Sep
731 1469 1977 1613 tembris hab Ich abermalls Vom Pod
735 1576 2538 1753 ner eingenummen f. 1 s 4 d.
687 1786 1982 1978 Mer den Zwaintzigisten Octobris hab Ich
774 1960 2050 2095 abermalls Von dem Protbeschauer em
740 2045 2529 2221 phanngen f. 4 s 4 d.
700 2257 2018 2445 Den 27. Octobris hab Ich abermalls
768 2363 2553 2568 Vom Podner emphanngen f. 3 s. d
657 2606 1705 2872 Latus 16 γ. 4 s. d
2948 464 4361 645 Verner hab Ich den dritten Nouembris
3018 635 4255 751 von dem Prottbeschauer der Peckhen
3015 736 4921 894 Straff emphanngen ꞩ f. 4 s 4 d.
3010 930 4365 1121 Item den Achten Decembris hab Ich
3040 1099 4914 1268 mer Von den Peckhen emphanngen f. 6 s. d.
3055 1336 4333 1506 Den funftzehenden Decembris
3060 1494 4318 1614 Hab Ich abermalls von dem Brott
3044 1614 4929 1784 beschauer emphanngen f. 5 s 2 d -
3182 2508 4100 2728 Latus 15 γ 6 s. d.
