5163 3848
724 448 2052 627 Item Nachdem di Khu. Wde Zu Gehaimb
742 619 2041 730 durch Irer Khu. Wdn Rath vnnd Phening
720 717 2029 847 maister herrn Petern Haller Burger
720 835 2061 961 maister vnnd Rathe durch ainen Credentz
715 952 2014 1066 briefe anlanngen laßen mit Mün
725 1055 2028 1197 licher ferrer Außfüerung Wie Er von
748 1188 2065 1314 den herrn von Pernstain Ain Ansehen
736 1301 2038 1443 liche herrschafft in der Cron Behaimb
744 1429 2024 1550 erkhaufft Pardawitz genanndt di
711 1542 2039 1672 selbig für Ir Khu. Wde Cammerguet
704 1660 1986 1783 Zubehalltten dar Zue Er ainer Anse
712 1781 1988 1927 henlichen hülf Notturfftig Vnd Sun
730 1907 1993 2053 derlichen diweyll Ir Khu. Wd schon
719 2037 2043 2161 Vntzther Über die Ainhundert taußent
719 2156 2051 2283 Taller daran beZallt vnnd yetzo der ander
682 2276 2042 2400 Tormin auch Verhannden ain merckh
741 2376 2027 2555 liche Summa Gelltts Zuerlegen Welche
3028 425 4346 627 Ir Khu. Wd. in Eyll mit khindet Zusamen
3034 623 4298 742 Pringen Begert demnach an gedachte
3033 732 4345 854 herrn Burgermaister Vnnd Rathe Ime
3033 841 4427 982 Zu Vnnderthenigem geuallen diser Zeith
3055 957 4342 1091 auf Zway Iar lanng gegen dem Stat
3053 1080 4321 1210 Preüchigen Intereße per Cento funf
3047 1204 4339 1335 Ain ansehenliche Summa Gelltts Auf
3044 1321 4369 1458 Zupringen darumben sich Gemaine
3025 1446 4321 1581 Stat solle verschreiben so welle Ir
3056 1569 4323 1697 Khu. Wde solches mit sundern gl.
3045 1684 4363 1835 erkhennen sambt Richtiger bezallung
3038 1809 4436 1954 etc. darauf sich meine herrn gleich
3066 1932 4363 2092 Vast bemueth denselben gehorsamist
3061 2064 4300 2190 statt Zuthuen Aber nit mer Alls
3024 2180 4377 2313 Zehentaußent floren Reinisch mugen
3029 2304 4334 2436 Zusamben bringen Vnnd Nemblichen
3017 2424 4303 2597 sich gegen denen Nachvolgunden
