5135 3827
601 384 1996 598 Verner den Sibenden Aprillis abermals
713 588 2024 698 Vom Harsn Podner Brotbeschauer em
695 618 2521 817 pfanngen f. 6 s 6 d.
704 937 2010 1094 Item den AchtvnndZwaintzigisten April
736 1075 2049 1200 lis abermalls Von dem Brotbeschauer Em
720 1136 2510 1326 Pfanngen f. 6 s. d.
701 1417 1984 1611 Mer den SechsvnndZwaintzigisten Maii
722 1585 1983 1721 Von dem Brotbeschauer Peckhen Straff
738 1668 2522 1846 gelltt emphanngen f. 7 s. d.
705 1884 2005 2075 Den Sechtzehen Iunii hab Ich abermalls
736 2017 2512 2198 emphanngen f. 1 s 4 d
672 2258 1989 2424 Item den 23.ten Iunii hat mir der Protbe
717 2339 2543 2552 schauer abermalls Zuegestelltt f. 7 s 6 d 10
816 2621 1794 2887 Latus 29 γ. s 10 d.
3001 438 4314 618 Verner den Sibenten thag Iulii hab Ich
3052 610 4297 729 abermalls Vom Protbeschauer Peckhen
3042 711 4858 874 Straffgelltt eingenummen f. 1 s 4 d.
3030 938 4348 1120 Den AinvnndZwaintzigisten Iulii hab Ich
3049 1094 4915 1262 mer von den Peckhen emphanngen ꞩ f. 9 s 6 d.
3024 1383 4351 1521 Mer den Viertten Augusti von den Peckhen
3063 1509 4349 1653 durch den Protbschauer emphanngen
3102 1640 4904 1778 f. 2 s 2 d.
3054 1787 4305 1953 Item den Achtzehenden Augusti
3066 1942 4969 2103 mer emphanngen f. 5 s 2 d.
2999 2196 4347 2350 Den funfvnndZwaintzigisten Augusti
3055 2334 4303 2455 hab Ich abermalls Von dem Brot be
3070 2442 4959 2598 schauer emphanngen f. 3 s. d.
2997 2597 4025 2800 Latus 21 γ. 6 s. d.
