4893 3840
827 404 1830 553 Weingartten in wackhersperg
825 557 1878 659 gelegen so verkhaufft vnd das
827 648 1815 764 geldt als Neuntzig gulden Zu
818 762 1961 866 Gemainer Statt genumen worden
817 866 1862 974 Ain ganntzen Iar Zünß so sich
841 969 1885 1064 an heut verfallen Benent
848 1067 1832 1168 lichen vier Pfundt vier schill
852 1168 1882 1278 ing Phening vtt quittung
1073 1310 2387 1498 Idest f. 4. s 4. d -
830 1785 1901 1925 Eodem die Zaldt ich dem Ehrwierdig
875 1915 1859 2013 en herrn M. Iohann Brobst Can
866 2014 1881 2114 onicus bei St. Steffan Alhie der
859 2108 1878 2219 Zeit Michaeln Fünckhen vnd
861 2212 1877 2329 Otto weissen Stüffts Bene
865 2323 1912 2430 ficiat von denen Funff Zig
852 2431 1903 2530 gulden so ermeltes Stüfft
845 2523 1904 2649 gegen Zwaintzig schilling d.
886 2633 1930 2733 ber Gemainer Statt wienn
895 2738 1913 2860 ligundt hat ain halben Iar
662 2943 1899 3224 Lattus per See.
3032 412 4027 537 Zünß so sich Yezt Georgii ver
3051 542 4143 640 fallen Nemblichen Ain Pfundt
3047 642 4032 736 Zween schilling pfenning ver
3036 736 4606 901 müg quittung Idest f 1 s 2 d -
3014 1050 4022 1243 Offt bestimbten viervnnd Zwaintzi
3052 1235 4130 1346 gisten Apprill Zaldt ich Nitweniger
3036 1344 4068 1442 dem Ehrwierdigen herrn Geörgen
3036 1434 4031 1546 Garber Canonicus bei St. Steffan
3028 1551 4011 1647 Als weillenndt Steffan Öhlers
3039 1643 4106 1722 vnnd derselben Incorporierten
3029 1725 4064 1831 Inn St. Steffans Thumbkhierchen
3039 1828 4067 1933 auf St. Vrsula Altar Innhab
3042 1927 4066 2024 er vnnd Beneficiat von den
3023 2030 4037 2141 en Sechsvnndfunfftzig gulden
3032 2134 4008 2239 so hieuor auf Hannsen Scho
3025 2232 4064 2342 lautzers hauß Burckhrecht weis
3026 2341 3988 2438 ligundt gewest Aber nun
3027 2427 3979 2554 mehr Zu Gemainer Statt
3008 2535 4184 2648 khumen sein Ainen Iar Zinß yezt
2994 2646 4143 2746 Georgii verfallen als drei Phundt
2994 2728 4618 2858 Pfening vtt quittung Idest f 3. s - d -
2923 2952 4270 3168 Lattus 4 f 2 s - d
