4873 3819
835 398 1859 521 in daß Ausstenndtig Alt vnnd
835 521 1856 622 New Innteresse so sie wegen Ires
839 623 1942 719 im Lanndt Abwesendten Bruedern
809 729 1896 815 Geörgen däxer bei Gemainer
809 820 1920 923 Statt wienn Zu ersuechen gehabt
791 921 1888 1027 Bringt vermüg Nebenligundter
793 1035 1911 1130 Abraittung vnnd darenndte
801 1122 1917 1233 gesteldten quittung hiebei Ain
824 1226 1882 1360 hundert Sechs gulden Zween schi
838 1343 1344 1453 ling Pfening
1446 1473 2402 1661 Idest f 106. s 2 d.
782 1978 1917 2153 Den Letsten Monnats Tag Februarii
829 2159 1881 2271 gab ich dem Herrn Iacoben weiß
835 2272 1918 2373 Gemainer Statt wienn besteldten
842 2366 1942 2486 Chor Coplan bei St. Steffan Alhie
848 2485 1857 2590 sein Monnath besoldung So sich
862 2589 1815 2703 an Heütt Ver
606 2840 1732 3186 Lattus per See.
2988 359 4146 510 fallen Nemblichen vier Pfundt
2991 505 4592 653 Pfening vtt quittung Idest f. 4. s - d -
2944 859 4102 1008 Den Ersten Monnats Tag Martii gab
3010 998 4088 1101 Ich dem Ehrwierdigen herrn Michaeln
3024 1086 4029 1201 Hofman der Zeit Chormaister bei
3030 1178 4093 1307 St. Steffan Alhie sein gewöhndliche
3025 1296 3988 1392 quottember gebürnus wegen
3011 1390 4065 1497 verrichtung der Matur Inn er
3028 1481 4040 1593 melt St. Steffans khierchen Be
3022 1583 4002 1704 nennttlichen Syben Pfundt
2993 1709 4001 1811 Zween schilling pfening so
3013 1798 4055 1921 sich yetzt Reminiscere verfallen
3019 1932 3702 2044 vermüg quittung
3111 1995 4672 2148 Idest f. 7. s 2 d -
2964 2297 4002 2459 Eodem die gab ich denen herrn
3019 2421 4088 2552 Leutten bei St. Steffans Thumb
3014 2544 3994 2661 khierchen Alhie Ir quottember
3000 2640 4071 2785 gebürnuß wegen verrichtung
2918 2872 4237 3113 Lattus 11 f 2. s - d.
