5166 3772
518 207 2052 395 Ain floren thuet Sechs floren Reinisch Vermug
535 299 2520 530 seiner Zwayer Quittung hiebei Idest f. 6. s. d.
514 625 1973 800 Item so Zalt Ich Larenntz Vnnger Von dem
526 765 2015 896 Sibenvnndtzwaintzigisten Nouembris biß
588 874 2044 1013 auf den Funffvnndtzwaintzigisten Decem
557 969 2129 1121 briß alles diß Sibenvnndsibentzigisten Iars
549 1085 2079 1231 Thuet Vier wochen lanng Iede wochen Zube
573 1170 2556 1369 soldung ain floren vnnd Zusamen f. 4. s. d.
526 1440 2044 1649 Mer Zalt Ich Hannß Ebenstainer von dem
573 1602 2061 1760 Zehenden Nouembriß biß auf den Funff
580 1727 2051 1859 Zehenden Decembriß alles diß Siben vnnd
569 1832 2035 1983 sibentzigisten Iars thuet Funff wochen
567 1956 2032 2086 Iede wochen ain floren vnd Zusamen Ver
600 2042 2557 2216 müg seiner Quittung hiebey f. 5. s. d.
532 2296 2154 2483 Item so Zalt dem Wolff Hager vnnd Hannß
570 2438 2062 2595 Pauer Von dem Zehenden tag Nouembriß
593 2552 2049 2698 biß auf den Viervnndtzwaintzigisten diß
595 2666 2096 2818 thuet Zwo Wochen Iedem die wochen Zube
597 2792 2064 2934 soldung ain floren thuet vermüg Irer
572 2889 2576 3070 Quittung hiebei f. 4. s. d.
476 3142 2120 3454 Latus 19 f. s. d.
3056 171 4499 346 Item Mer Zalt Ich Wolff Hager von dem
3039 324 4595 453 Vier vnndtzwaintzigisten Nouembris biß auf
3061 420 4554 535 den Vier vnndtzwaintzigisten Decembriß
3045 533 4517 667 diß Siben vnnd sibentzigisten Iars thuet Vier
3040 640 4583 765 wochen Iede wochen Zubesoldung ain floren
2997 750 5093 906 Vnnd in geldt Zusamen Vt Quittung f. 4. s. d.
2976 1008 4499 1187 Item so Zalt Ich Michaeln Apffl burger vnnd
2986 1171 4541 1308 Puechtruckher alhie wegen fünfftzehenhundert
3012 1283 4522 1403 ExemPlar der Infection halber Iedes Exem
3012 1387 4518 1516 Plar mit Zwayen Median Pogen furs Papier
3009 1495 4500 1646 vnnd truckherlohn Sechtzehen Pfening Thuett
3023 1629 4516 1771 Zusamen Vermüg Quittung hiebei Ainhundert
2975 1744 5095 1936 gulden Reinisch Idest f. 100 s. d.
2986 2151 4232 2491 Latus per 104 f. s. d.
2822 3307 3426 3473 fection Ordnung
3441 3313 4148 3511 Latus 104 f - s - d
