5167 3744
594 207 2110 360 harnisch In Gemainer Stat Zeughauß Aus
566 353 2033 479 Zu Putzen vnd Zu Pessern von Iedem Neun
577 469 2046 584 khreitzer Item von Zwayen Sturm haubm
570 544 2117 690 Daran Er Neue Arlapen gemacht darfur Zwen
593 673 2075 800 schilling Dann von Zwayen schützn haubmen
603 769 2048 901 auftzuPutzen geben Zwelff Phening Thuet in
586 891 2097 1026 geldt drey Pfundt siben schillinng sechs Pfening
587 956 2588 1163 Laut Quittung Idest f. 3. s. 7. d. 6.
601 1241 2057 1405 Item den Ersten tag Iunii Zalt Ich Balthauser
591 1390 1994 1506 Khaiser Kosley burger vnnd Pranntweiner alhie
521 1489 2105 1638 Vmb Siben Lanntzkhnecht harnisch Zu Notturfft
638 1610 2086 1737 in Gemainer Stat Wienn Zeughauß Ver
630 1718 2159 1885 mug seiner Quittung Achtzehen Pfund Phening
1809 1774 2570 1971 Idest f. 18. s. d.
558 1984 2101 2144 Den Ainvndtzwaintzigisten ditz Zalt Ich Michael
591 2113 2115 2256 Apfl Puechtruckher alhie wegen Zwayhundert
557 2233 2127 2369 Pögen darauf Zetln wegen Spieß vnd harnisch
610 2351 2076 2486 aus Gemainer Stat Zeughauß Zu der Ro.
598 2461 2067 2599 Khay. Mt. etc einbelaittung Zuleihen Zwen
618 2580 2091 2742 gulden Vier schilling Pfening Laut Quittung
1790 2669 2545 2849 Idest f. 2. s. 4. d.
572 2789 2111 3004 Den Sechsten Iullii Zalt Ich Leonnharten Rigl
553 2979 2093 3150 Vnnd Caspar Öller beeden Schlossern alhie
352 3186 2197 3485 Latus 24 f. 3. s. 6. d.
2995 162 4508 327 von wegen Vierhundert halb hackhen aus Ge
3016 267 4552 429 mainer Stat Zeughauß Zu Pessern vnd auß
3003 414 4520 526 Zu Putzen fur Ieden Viervnnd Zwaintzig Pfening
2996 509 4476 622 macht Zusamen in geldt Dreyvnndviertzig
2988 605 4535 750 Phundt Phening Laut Irer hiebey ligenten Quit
3001 715 5046 879 tung f. 43. s. d.
2928 972 4535 1145 Den Sechsvnndtzwaintzigisten ditz gab Ich Georgen
2957 1128 4457 1236 Mader Gemainer Stat Zeugwart auf das
2979 1222 4469 1338 Zeug ambts Notturfften Laut seiner Be
2990 1293 5038 1480 khanndtnus Acht gulden Reinisch Idest f. 8. s. d.
2916 1546 4555 1735 Den Anndern tag Augustii Zalt Ich Leopoldt Priel
3032 1718 4526 1842 mair von Aschach vmb ain Lantzkhnecht harnisch
2975 1823 4482 1976 In Gemainer Stat Zeughauß Laut Quittung
4378 1919 5071 2036 f. 4. s. d.
2935 2027 4509 2228 Eodem Zalt Ich Leonnharten Sträsl von Marchs Mayß
2997 2196 4536 2332 Pier Paumb vmb ain Lantzkhnecht harnisch Laut
2930 2304 5005 2451 Quittung drey gulden Idest f. 3. s. d.
2961 2499 4521 2677 Den dritten ditz Zalt Ich Hannsen Clamer von Halla
2968 2650 4490 2784 Prun vmb vier Centen sechsvndachtzig Pfundt Zet
2937 2757 4502 2876 strickh in Gemainer Stat Zeughauß Laut seiner
2918 2859 4467 2987 Quittung Achtvndreissig Pfundt sechs schilling
2957 2960 4998 3130 funffvnndtzwaintzig Pfening Idest f. 38. s. 6. d. 25.
2782 3218 4472 3517 Latus 96. f. 6. s. 25. d.
