5181 3774
2905 100 4519 529 Auf die Infection
3455 481 4125 628 Ordnüng Ausgeben
3064 647 4512 791 Item den Sibenvndtzwaintzigisten September
3087 777 4506 890 Anno etc. Im Siben vnnd sibentzigisten Zalt Ich
3068 879 4521 977 denen Sechs verorndten wegen der Infection
3051 966 4545 1088 Vnnder den Stat Thörn Welliche Zwo wochen
3036 1067 4562 1185 gediennt ainem Ieden wochenlich ain gulden
3022 1164 4560 1299 Reinisch Thuet Laut Irer Quittung Zwelff
3032 1256 5088 1419 gulden Reinisch Idest f. 12. s. d.
3033 1501 4496 1661 Item mer Zalt Ich Hainrich Waldumb vnnd
3047 1649 4471 1763 Caspar Müllner Ir besoldung von dem
3073 1751 4539 1867 dritten Nouembris biß auf den Acht vnnd
3047 1847 4540 1972 Zwaintzigisten Decembris alles diß Siben
3072 1954 4491 2086 vnnd sibentzigisten Iars thuet Acht Wochen
3059 2075 4490 2187 lanng Iedem die wochen ain floren Vnnd
3053 2176 4559 2283 Zusamen in geldt vermug Irer Vier vnder
3078 2273 4513 2417 schiedlichen Quittungen Sechtzehen Phundt
3049 2363 5112 2536 Pfening Idest f. 16 s. d.
3045 2627 4504 2786 Item mer Zalt Ich dem Geörg Schuester sein
3035 2756 4525 2893 besoldung von dem Zehenden Nouembriß
3050 2871 4461 2985 biß auf den Zwenvndtzwaintzigisten De
3062 2956 4522 3102 cembriß macht Sechs wochen Iede wochen
2895 3159 4535 3525 Latus 28. f. s. d.
