5170 3746
2940 100 4565 586 Auf daß Rorate
3501 546 4146 712 Cellii Ausgeben ./.
3018 716 4490 861 Item den Neuntzehenden Decembris Anno etc Im
3029 845 4515 970 Sibenvnndsibentzigisten Zalt Ich dem Abraham
3042 946 4511 1069 Straussen Organisten bey Sandt Steffan
3095 1060 4534 1161 alhie sein besoldung von wegen des Rorate
3071 1148 5069 1314 Celi Im Aduent Zuschlahen Laut Quittung f. 3. s. 4. d.
3041 1387 4618 1569 Den Zwaintzigisten ditz Nach dem Iärlich das Rorate
3058 1533 4632 1682 Celi Im Aduent durch die Conntorei figuriert
3064 1662 4539 1798 vnnd durch den Thurnner dartzue gePlasenn
3086 1764 4513 1906 wiert hab Ich dem Maister Hannsen Nesner
3032 1887 4543 2014 Stat Thurnner alhie dauon betzalt sein ge
3040 1997 5075 2159 burnus Lautt Quittung f. 3. s. 4. d.
3082 2234 4554 2426 Eodem Zalt Ich dem Canntor vnnd denen Ge
3101 2370 4547 2498 selln in der Conntorei von dem Frueambt
3073 2480 4534 2610 vnnd Rorate Celi Zu Figuriern nachge
3044 2586 4558 2737 brauch Sechs Pfundt Phening gegen Quit
3022 2656 5079 2844 tung Idest f. 5. s. d.
2999 2872 4559 3091 Den Lessten tag diß Monnat Decembris Zalt
2975 3175 4671 3474 Latus 13. f. s. d.
