4966 4228
771 579 1974 765 Ain Latteinischer Schuldtbrief per 1174 f.
786 740 1971 926 von Emerichen Pfisster von Summerein Auß
800 886 1522 1074 der Schütt per 83.ten Iars
748 1168 1911 1376 Gemainer Statt Lehenbrieff vber das
768 1334 1926 1550 Vesar Zu Yedleßer Ist allein
818 1476 1498 1652 das CoPert verhannden.
744 1712 1935 2010 Ain Khaylerliches Generall abstellung der
813 1950 1948 2146 Wällisch Sueßen wein schenkhen betreffent
790 2098 1664 2346 des 8. Juni Anno 83 Datiert
759 2432 1962 2698 Ain Schuldt Zettl vonn vorbemelten Eme
798 2652 1947 2866 rich Pfisster Zu Summerein per 147 f.
808 2796 1941 2978 7. s 20. d. des Oxentriebs halber von
826 2920 1665 3176 Wolfen hueber herrüerennt
2949 525 4118 794 Petern à Rotis Satzbrieff per 80. f.
2974 732 3910 909 des 11. Aprillis Anno 75. Datiert
2901 933 4128 1186 Christoffen Pogner Gasstgeben Satzbrief
2931 1148 4094 1340 per 200. f. Datiert den 19. Iunii Anno 70ten
2918 1394 4131 1552 Ioachimb Scholtzen hanndlßman Satzbrieff
2928 1528 4084 1736 per 100. f. den 17. Decembris Anno 85.
2912 1690 3214 1890 Datiert
2890 1932 4052 2220 Ain Vertzaichnuß der Pägerspergerischen ver
2931 2164 4110 2368 laßen Vernuß im Zeughauß, so nach Zu herrn
2908 2307 3897 2546 Tochters Zeit dahin erlegt worden
2912 2487 4082 2738 Ain Schein von herrn Michaeln Sterzer vmb
2907 2715 4068 2922 ain Silbren Inn vnnd Außen vergulten Khelch
2943 2853 4098 3112 so er vom herrn Luntzer Empfangen welche
