4974 4179
779 563 1970 798 Item ain Khorallene Petten mit Acht
806 773 1986 984 silbern Vnntermarchen daran ain groß pacem
722 977 1977 1174 Item Zway Pertene Widt dauor die großen
759 1144 1327 1324 Perl abgeschnitten
782 1379 1995 1599 Ain Corallene Petten daran ain Calcedon
727 1549 1962 1756 in Silber gefasst mit sechs Zehen vergultten
757 1717 1996 1896 Silbern vnntermarchen per 4. f. von frau
801 1829 1701 2029 en Anna Wehin herkhomment
1608 1904 2365 2184 Idest 4 f. s. d.
759 2121 1947 2370 Item ain Corallene Petten mit Zwelf
799 2313 1950 2487 silbern vergulten vnntermarchen daran ain
788 2453 1925 2622 Pacem mit ainer Perl Muetter von
785 2590 1933 2836 Hannß Khettl Khramers Erben herrüerennt
878 2757 1667 3107 Allerlay Varnus.
856 3420 1516 3758 Latus per se
2830 496 4092 790 Erstlichen Zwaintzig Zinene schenckh khandln
2877 821 4045 1076 Item ain großer beschlagner Kheller mit 11
2904 1015 3258 1202 Zinen flaschen
2837 1185 4059 1446 Item ain Mitterer Kheller mit 9 Zinen
2904 1368 3092 1605 flaschen
2852 1536 4011 1837 Item ain Khlainer Kheller mit 7 Zinen
2902 1748 3097 1997 flaschen
2856 1929 4035 2134 Item ain großer beschlagner Kheller darinn
2869 2101 4016 2326 die obbemelten flaschen alle mügen gebracht
2904 2244 3133 2479 werden
2860 2380 4030 2701 Item ain großer Zinener Topplter Stanntler
2855 2727 4045 2979 Item Zwaintzig Messinge Speitzen mit gemainer
2889 2902 3278 3097 Statt Wappen
