4951 4011
2526 157 4147 711 Ausgab auff
3020 686 4088 869 die Burgerschuel
2964 1183 4215 1339 Den viertzehenten Martii gab Ich herrn
3036 1305 4152 1437 M. Peter hofman der Löblichen Bur
3039 1395 4147 1545 gerschuel alhie Professorn sein Qua
3031 1507 4139 1643 tember gebüer wegen der Ime ver
3040 1608 4160 1737 lichenen Zwayen professurn so sich yetzt
3039 1706 4129 1837 Reminiscere verfallen Benentlichen
2997 1817 4167 1937 Sechs vnd Zwaintzig gulden reinisch vt
3002 1900 4635 2062 Quittung hiebei Idest f 26. s - d -
2951 2217 4157 2436 Dem NeunZehenten Martii gab Ich
3045 2403 4139 2524 dem herrn M. Iohann Khuen der
3030 2488 4098 2618 Zeit Rectorn der Löblichen Bur
3023 2586 4202 2729 gerschuel bei St. Steffans Thuemb
3016 2707 4098 2830 Khierchen alhie sein gewohnliche
3004 2806 4124 2943 Quatember besoldung so sich yetzt
3046 3017 3861 3352 Latus per Se.
