5015 3900
758 275 1886 427 Iars auß seinem handlßgewolb
796 421 1879 527 Zu der Cantorey Khnaben bei St.
793 522 1884 622 Steffan alda wintter khlaidung
795 619 1916 722 yedes Per Siben Zehen gulden dargeben
785 716 1952 820 Bringt Inhalt seines vnderschribenen
792 811 1934 917 auß Zugls hiebei Benentlichen vier
794 919 1851 1037 vnd Dreissig gulden reinisch
1445 979 2420 1156 Idest f. 34 s - d -
778 1264 1921 1403 Eodem die gab Ich dem M. Geörg
794 1399 1922 1503 Ernesto Bartholomeii der Canto
806 1500 1953 1614 rey Khnaben bei St. Steffan Pre
805 1598 1889 1717 ceptori die Sechs Taler Zu Sibentzig
792 1700 1918 1803 kreutzer so Ime Iärlichen anstat
808 1800 1946 1917 aines Tischtrunckhs geraicht werden
810 1902 1927 2009 auf diß Iar Bringen Benent
800 2001 1915 2118 lichen Siben gulden reinisch vt
782 2105 2419 2266 Quittung Idest f. 7. s - d -
763 2357 1924 2545 Den Zween vnd Zwaintzigisten
807 2531 1949 2655 dits Zalt Ich vrsula weilend han
803 2641 1962 2752 sen Paurn gewesten Burger vnd
772 2722 1930 2847 Fehlhandlers alhie In Wienn see
817 2821 1981 2943 ligen hinterlassnen wittib vmb
827 2922 1940 3057 viervnd Zwaintzig Perckstetterische
933 3099 1940 3268 Latus 41. f - s - d.
3047 301 4305 459 Schoffel so sy Zu der Cantorey Khna
3102 434 4276 559 ben bei St. Steffans Thumb khirchen
3090 549 4229 655 alda Summer Klaidungen Yedes
3082 643 4221 771 Per Funff Ainhalben schilling dar
3090 739 4198 848 geben vnd verkhaufft bringen
3076 839 4244 969 Benentlichen Sechtzehen gulden vier
3093 953 4191 1068 schilling pfennig vt geferttigten
3070 1040 4740 1199 Quittung hiebei Idest f. 16. s 4 d -
3045 1357 4233 1514 Den Lesten Maii gab Ich dem Quin
3115 1509 4173 1613 tin Dela Court der Zeit Cantorn
3110 1608 4197 1718 bei St. Steffan sein gewohnliche
3103 1704 4185 1821 Monatbesoldung so sich an heut
3106 1820 4193 1935 verfallen Zehen gulden reinisch
3071 1891 4717 2064 vt Quittung Idest f. 10 s - d -
3048 2189 4206 2373 Den Sibenten Iunii Zalt Ich Fri
3083 2360 4144 2475 drichen Schneider Burger vnd
3082 2458 4266 2582 Pfaidlern alhie vmb das Er denen
3096 2559 4279 2682 Cantorey Khnaben bei St. Steffan
3099 2657 4245 2784 alda Zu Irer Summerkhlaidungen
3112 2772 4173 2923 auf Yetzige heillige Phingsten
3197 2980 4199 3191 Latus 26 f. 4 s - d.
