5005 4043
2598 242 4329 797 Ausgab auf
3134 763 4290 949 die Cantorey bey St.
3472 933 3793 1052 Steffan
3093 1296 4224 1453 Den Lesten Monatstag Ianuarii
3133 1457 4223 1559 diß Sechtzehenhundert Zwelfften
3106 1535 4298 1655 Iars gab Ich dem Quintin de la Court
3111 1642 4238 1760 Cantorn bei St. Steffan alhie sein
3113 1748 4235 1866 gewohnliche Monatbesoldung so
3102 1850 4249 1969 sich an heut verfallen Nemblichen
3096 1959 4243 2096 Zehen gulden Inhalt Quittung hie
3108 2077 4702 2222 bei Idest f. 10. s - d -
3042 2308 4166 2519 Den Funfftzehenten Februarii
3087 2502 4261 2620 Zalt Ich dem Geörgen Seidl Burger
3099 2599 4158 2718 vnd Khüerschner alhie vmb Zehen
3089 2699 4219 2821 Zipffl Peltz so Er denen Cantoris
3074 2789 4196 2910 Khnaben bei St. Steffans Thumb
3079 2891 4234 3031 Khirchen alda Zu Irer wintter khlai
3193 3096 3877 3298 Latus per Se.
