4953 4005
805 362 1925 492 sein Mutt Khorn so Ime Iärlichen
811 488 1920 577 von Gemainer Statt geraicht
806 562 1958 682 würdet am gewohnlichen Traidt
796 676 1898 782 marckht von Seckhel Tamasch
808 780 1919 895 von Stampa Per Aindlif gulden
799 887 1908 990 reinisch erkhaufft vnd auf diß
784 980 1931 1103 Sechtzehenhundert Zwelffte Iar an
784 1074 2365 1245 gehendigt vt Quittung Idest f. 11. s - d -
703 1300 1923 1519 Den Achten Decembris gab Ich herrn
797 1508 1930 1619 M. Iohann Khuen der Zeit Rectorn
808 1605 1925 1720 der Loblichen Burgerschuel bei St.
797 1711 2001 1828 Steffan alhie für den Ienigen Drey
818 1817 1960 1923 ling oder vier vnd Zwaintzig Emer
805 1915 1994 2018 wein so Ime Iärlichen von Gemai
805 2013 1960 2111 ner Statt geraicht werden auf
799 2109 1942 2224 diß Sechtzehenhundert Zwelffte Iar
790 2216 1965 2314 das Paar gelt für yeden Emer
800 2304 2029 2423 Achtzehen schilling d. Bringt Benent
819 2417 1928 2519 lichen viervndfunfftzig gulden
809 2517 1957 2630 reinisch vt seiner Quittung hiebei
832 2598 2349 2760 Idest f. 54. s - d -
764 2753 1952 2929 Den Zwen vnd Zwaintzigisten
798 2912 1950 3044 dits gab Ich gleichsfals Ime herrn
886 3117 1903 3317 Latus 65 f - s - d.
2999 300 4184 438 M. Khuen Rectorn sein Quatember
3044 432 4144 547 besoldung so sich yetzt Natiuitatis
3042 528 4144 643 verfallen Inhalt Quittung Be
3038 635 4193 745 nentlichen Fünf vnd Sibentzig gul
3021 749 4642 893 den reinisch Idest f. 75. s - d -
2995 989 4181 1153 Eodem die gab Ich auch dem herrn
3024 1146 4081 1262 M. Peter hoffman der Loblichen
2995 1241 4111 1367 Burgerschuel bei St. Steffan alhie
3021 1348 4153 1464 Professor von denen Ime verlihenen
3034 1443 4151 1558 Zwayen Professurn sein Quatember
3030 1547 4199 1657 besoldung yetzt Natiuitatis verfal
3043 1644 4147 1755 len Benentlichen Sechs vnd Zwain
3018 1744 4157 1865 Zig gulden reinisch vt seiner Quit
3012 1854 4661 1999 tung hiebei Idest f. 26. s - d -
2916 2086 4131 2218 In Simili gab Ich obbemeltten Tag
3005 2216 4189 2318 herrn M. Iohann Baptista Linden
3014 2302 4169 2417 perger auch Professorn der Loblichen
2981 2405 4138 2527 Burgerschuel alhie sein Quatember
3012 2512 4125 2630 besoldung Benentlichen Drey Zehen
3013 2619 4126 2730 gulden reinisch so sich Weinachten
3033 2720 4093 2835 verfallen Laut Quittung hiebei
3083 2828 4624 2982 Idest f. 13. s - d -
3049 3011 4121 3239 Latus 114 f. 4 - d
