4982 4023
782 445 1943 570 dung gemacht vnd Angehendigt
791 568 1930 678 für Ains Sechs schilling pfennig
782 669 1919 763 Bringt Benentlichen Siben
783 772 1928 858 gulden vier schilling Phening
740 853 1982 977 Inhalt Quittung vnd des Cantors
783 964 2346 1102 Schaindl Idest f. 7. s 4. d -
736 1186 1924 1361 Den Neun vnd Zwaintzigisten dits
800 1357 1915 1473 gab Ich dem Quintin de la Court
803 1470 1912 1573 Cantorn bei St. Steffan sein ge
791 1572 1950 1677 wohnliche Monat besoldung so sich
803 1669 1905 1786 an heut verfallen Zehen gulden
801 1781 1717 1900 reinisch vermüg Quittung
1445 1861 2361 2035 Idest f. 10. s - d -
751 2163 1905 2328 Den vier vnd Zwaintzigisten Martii
810 2316 1957 2429 Zalt Ich dem Peter Summer Burger
815 2414 1989 2538 vnd Strimpffstrickhern alhie ümb
809 2536 1973 2650 Zehen paar Säckhel so Er denen Can
817 2634 2031 2757 tores Khnaben alda Zu Irer winter
823 2756 1985 2857 Khlaidung gemacht vnd angehen
822 2845 2076 2965 digt für Ains Zwelff kreutzer Bringt
814 2956 2036 3101 Benentlichen Zween gulden reinisch
954 3188 1925 3428 Latus 17. f 4 s - d
3055 271 4161 401 vt Quittung vnd herrn Can
3037 406 4600 543 tors Scheindl hiebei Idest f. 2. s - d -
3009 633 4207 797 Den Lesten Martii gab Ich dem Quin
3053 788 4121 890 tin de la Court Cantorn bei St.
3031 882 4141 1009 Steffan alhie sein gewohnliche
3055 989 4138 1103 Monat besoldung so sich an heut
3065 1100 4168 1209 verfallen Zehen gulden reinisch
3044 1203 4655 1351 seiner Quittung Idest f. 10. s - d -
2987 1486 4191 1692 Den Lesten Aprilis hab Ich dem Quin
3065 1685 4118 1796 tin De la Court Cantorn bei St.
3032 1783 4164 1911 Steffans Thumbkhirchen alhie sein
3058 1884 4128 2002 Monat besoldung so sich an heut
3043 1985 4192 2103 verfallen Benentlichen Zehen gul
3042 2096 4654 2249 den reinisch vt Quittung Idest f. 10. s - d -
2998 2360 4134 2543 Den Zwelfften Maii Zalt Ich dem
3029 2529 4175 2639 herrn Pauln hierschen deß aussern
3033 2632 4117 2746 Raths vnd Tuechandlßman alhie
3033 2715 4146 2844 Zwey stuckh schwartz forder genetzt
3033 2809 4145 2937 vnd geschornes Kherntuech so Er den
3045 2907 4213 3036 vier Zehenten decembris negst uerschinen
3089 3046 4070 3262 Latus 22 f - s - d.
