5004 3995
822 409 2044 538 Reminiscere verfallen Nemblichen
792 535 1978 635 Funff vnd Sibentzig gulden rh.
784 627 2423 788 vt Quittung Idest f 75. s - d -
731 804 1983 982 Den Lesten Martii gab Ich dem herrn
774 973 1886 1096 M. Iohann Lindenperger Professorn
796 1087 1908 1190 der Loblichen Burgerschuel bei St.
789 1185 1926 1292 Steffans Thumbkhierchen alhie sein
797 1286 1969 1398 Quatember besoldung so sich yetzt Re
790 1391 1914 1486 miniscere verfallen Benentlichen
777 1489 1907 1611 Drey Zehen gulden reinisch Innhalt
791 1568 2403 1738 Quittung Idest f. 13. s - d -
705 1972 1935 2139 Den Zween vnd Zwaintzigisten Maii
796 2125 1959 2230 gab Ich dem herrn M. Iohann Khuen
794 2223 1911 2326 der Zeit Rectorn der Loblichen Bur
798 2314 1950 2430 gerschuel bei St. Steffans Thuembkhir
798 2416 1976 2518 chen alhie In Wienn sein dePutier
808 2516 1978 2618 tes Iärliches Holtz gelt auf diß gegen
798 2612 1925 2719 würdige Iar Nemblichen funff
791 2716 1959 2832 vnd Zwaintzig gulden reinisch vt
812 2819 1460 2936 Quittung hiebei
1417 2894 2391 3073 Idest f. 25. s - d -
891 3137 1915 3365 Latus 113 f - s - d.
3019 248 4313 441 Den Zwelfften Monats Tag Iunii gab
3069 425 4176 544 Ich dem herrn M. Iohann Khuem
3075 517 4225 633 Rectorn der Loblichen Burgerschul
3090 617 4238 743 bei St. Steffans Thumbkhirchen alhie
3087 721 4221 838 sein gebüerendte Quatember besol
3075 820 4184 941 dung die sich yetzt Pentecostes ver
3081 925 4160 1038 fallen Benentlichen Funff vnd
3063 1020 4188 1134 Sibentzig gulden reinisch Lautt sei
3072 1106 4689 1264 ner Quittung hiebei Idest f. 15 s - d -
2999 1341 4189 1552 Den Drey Zehenten dits gab Ich auch
3080 1524 4171 1642 dem herrn M. Peter hofman der
3055 1613 4158 1748 Zeit Professorn der Loblichen Bur
3067 1709 4180 1846 gerschuel alhie sein Quatember be
3054 1822 4197 1939 soldtung wegen der Ime verlihenen
3061 1914 4204 2046 Zwayen Professurn so sich yetzt Pen
3068 2018 4180 2130 tecostes verfallen Benentlichen
3050 2107 4185 2244 Sechs vnd Zwaintzig gulden reinisch
3067 2228 4142 2346 vermüg seiner Quittung hiebei
3141 2341 4671 2489 Idest f. 26. s - d -
3050 2604 4232 2740 Den Sibentzehenten dits gab Ich ebener
3084 2727 4229 2835 massen dem herrn M. Iohann Linden
3065 2805 4212 2945 perger Professorn der Löblichen Bur
3108 3016 4176 3281 Latus 101 f - s - d.
