5285 3689
3214 233 4303 577 Ausgeben auf den Stain
3327 558 4356 663 pruch Zu Sufring den Stainprechern
3328 638 4292 771 Irn Sold Anno etc Lxxiiii to
3416 830 4371 1010 Dominica dum medium silentium
3126 1000 4514 1186 nota Maister Vlreichen Pirchuber sein sold vi s d
3137 1109 4118 1239 nota iiii Stamprechern yedem die
3206 1214 4320 1343 wochen iii taglon per xx d
3205 1298 3994 1414 in Knechten dar Zu yedem
3333 1402 4371 1527 taglon per xiii d
3216 1522 4185 1704 Dominica In excelso throno
3109 1698 4349 1841 nota dem Puchuber sein sold vi s d
3107 1783 4000 1898 nota iiii Stamprechern yedem
3236 1892 4345 2020 die wochen iiii taglon per xx d
3098 1973 3903 2073 nota iiii Knechten yedem die
3243 2067 4349 2196 wochen iiii taglon per xiii d
3086 2154 4343 2300 nota Padgelt xii d
3237 2272 4103 2453 Dominica Omes terra
3103 2458 4363 2612 nota dem Pirchuber sein sold vi s d
3103 2565 4011 2671 nota iiii Stamprechern yedem
3209 2643 4325 2795 die wochn vi taglon per xx d
3114 2734 3842 2849 nota iiii knechten yedem vi
3220 2807 4348 2962 taglon per xiii d
