5444 3797
900 354 1677 531 Dominica Oculi mei
741 511 2061 696 nota dem Pirchuber sein sold vi s d
741 624 1691 745 nota iiii Stamprechern yedem die
889 737 2075 864 wochen vi taglon per xxiiii d
718 814 2081 977 nota iiii knechten yedem vi tag per xvi d
938 938 1527 1110 Dominica Letare
791 1112 2113 1256 nota dem Pirchuber sein sold vi s d
781 1210 1694 1316 nota iiii Stainprechern yedem die
829 1309 2083 1429 wochen v taglon per xxiiii d
777 1383 1483 1479 nota iiii knecht yedem die
849 1481 1893 1597 wochen v taglon per xvi
798 1566 2033 1706 nota Zu padgelt xiiii d
918 1663 1654 1843 Dominica Iudica me
756 1851 2093 2004 nota dem Pirchuber sein sold vi s d
795 1952 1665 2052 nota iiii Stainprechorn yedem
888 2048 2103 2154 die wochen vi taglon per xxiiii d
756 2125 2045 2273 nota iiii knechten yedem vi tag per xvi d
890 2245 1749 2406 Dominica domine Ne longe
780 2406 2078 2552 nota dem Pirchuber seinen sold vi s d
807 2508 1668 2608 nota iiii Stainprechorn yedem
915 2601 2124 2705 die wochen vi taglon per xxiiii d
775 2684 2111 2806 nota iiii knechten yedem ii taglon per xvi d
798 2786 2093 2928 nota Zu padgelt xii d
3524 338 4135 560 Dominica Resurrexi
3268 598 4534 754 nota dem pirchuber sein sold vi s d
3284 705 4157 816 nota iiii Stainprecher yedem die
3329 803 4538 919 wochen ii taglon per xxiiii d
3266 874 4537 1025 nota iiii knechtn yedem ii taglon per xvi d
3399 1004 4377 1172 Dominica Quasimodo geniti
3312 1178 4505 1335 nota dem Pirchuber sein sold vi s d
3292 1272 4127 1381 nota iiii Stainprechern yedem
3392 1362 4533 1504 die wochen vi taglon per xxiiii d
3253 1435 4506 1610 nota iiii knechten yedem vi taglon per xvi d
3263 1548 4520 1726 nota Zu padgelt xvi d
3409 1676 4324 1855 Dominica Misericordia domini
3250 1835 4510 2018 nota dem Pirchuber sein sold vi s d
3281 1945 4208 2059 nota iiii Stainprechern Yedem die
3355 2034 4511 2198 wochen v taglon per xxiiii d
3292 2123 4014 2237 nota iiii knechtn Yedem die
3371 2225 4534 2363 Wochn v taglon per xvi d
3404 2336 4091 2509 Dominica Iubilate
3233 2501 4512 2685 nota die wochen hat sich angehebt die swartz
3350 2630 4358 2762 munß vnd die ausgewarffen
3258 2701 4601 2877 nota dem Pirchuber der swartzn Munß iiii s d
3262 2798 4339 2935 nota iii Stainprechern yedm die wochn
3314 2898 4536 3008 vi taglon per xvi d
3275 2964 4502 3106 nota ii knechten yedem vi tag per x d
3275 3062 4507 3206 nota Zu Padgelt x d
