5432 3845
878 389 1735 580 Dominica Cantate domino
747 588 2047 736 nota dem Pirchuber sein sold iiii s d
758 695 1694 809 nota Zwain Stainprechern yedem
848 797 2036 925 die wochn v taglon per xvi d
747 882 2042 1047 nota Zwain knechtn yedem v tag per x d
838 1006 1863 1178 Dominica vocem Iocuduat
718 1169 2041 1345 nota dem Pirchuber sein sold iiii s d
741 1270 1741 1391 nota Zwain Stainprechern yedem
867 1382 1877 1495 die wochen v taglon per xvi
768 1454 1606 1558 nota ii knechtn yedem die wochn
851 1555 1885 1638 v taglon per x
794 1603 2047 1762 nota Zu padgelt x d
843 1720 1728 1869 Dominica Exaudi domine
773 1877 2069 2026 nota dem Pirchuber sein sold iiii s d
794 1980 1710 2083 nota Zwain Stainprechern yedem
852 2078 2084 2179 die wochen vi taglon per xvi d
772 2150 1696 2271 nota ii Knechten yedem die wochn
866 2250 2044 2361 vi taglon per x d
990 2342 1739 2504 Dominica Spus domini
750 2485 2020 2620 nota dem Pirchuber sein sold iiii s d
725 2593 1822 2698 nota Zwain Stainprechern yedem
866 2689 2068 2784 die wochn iiii taglon per xvi d
769 2765 2048 2886 nota ii Knechtn yedem iiii taglon per x d
782 2862 2073 2984 nota Zu padgelt x d
3427 328 4133 526 Dominica Benedicta sit
3237 548 4480 709 nota dem Pirchuber sein sold vi s d
3255 649 4116 764 nota ii Stainprechern yedem die
3338 741 4529 888 wachen vi taglon per xxiiii d
3225 809 4126 943 nota ii knechten yedem die wachn
3296 911 4508 1035 vi taglon per xvi d
3220 996 4400 1132 nota in der wochen hat man angehebt der
3334 1081 4448 1248 swartzen Munß i γ fur ain guldenn
3344 1168 3602 1267 Zu geben
3509 1296 4195 1474 Dominica domine in tua
3225 1470 4523 1668 nota dem pirchuber sein sold vi s d
3231 1583 4117 1708 nota ii Stamprechern yedem
3349 1678 4553 1850 die wochen vi taglon per xxiiii d
3196 1751 3962 1866 nota ii Knechten yedem die
3334 1856 4527 2006 woch vi taglon per xvi d
3229 1951 4476 2150 nota Zu padgelt xiiii d
3332 2092 4348 2292 Dominica Fattus est dominus
3246 2287 4504 2472 nota dem Pirchuber sein sold vi s d
3272 2391 4127 2515 nota iii Stainprechern yedem
3345 2502 4510 2643 die wochen v taglon per xxiiii d
3281 2573 4120 2700 nota ii Schutknecht yedem die
3295 2685 4516 2836 wochen v taglon per xvi d
