5321 3755
760 378 2093 567 Ein ander ausgeben auf die prug
894 549 2077 632 ken vnd die weg vor dem Newn turn vor
869 620 2075 742 Schotten tor vnd vmb die Stat wo sein
918 703 1415 804 not gewesen ist
847 805 1944 990 Dominica Si iniquitatis
812 1008 1993 1140 nota iii Ros die wochen vi tag auf yedes
851 1099 2451 1232 Ros den xld ꞩ iii γ d
817 1225 1924 1359 nota vi tagwerhern yedem die wochn
905 1349 2666 1512 vi taglon per xii ꞩ xiiii s xii d
819 1471 1896 1652 Dominica Si iniquitates
793 1663 1967 1787 nota iii Ros die wochen v tag auf yedes
896 1738 2607 1889 Ros ain tag xl d ꞩ ii γ iiii s d
797 1884 2056 2023 nota vi tagwerchner yedem die wochn v taglon
947 1991 2551 2136 per xii ꞩ xii s d xii s d
798 2137 1962 2302 Dominica Si iniquitates
825 2299 1982 2422 nota iiii Ros die wochen vi tag auf yedes
869 2383 2522 2512 Ros ain tag xl d ꞩ iii γ d
790 2501 1920 2625 nota vi tagwerchner yedem die wochen
889 2592 2635 2755 vi taglon per xii ꞩ xiiii s xii d
3155 288 4057 534 Dominica dicit dominus
3150 551 4318 678 nota iii Ros die wochn v tag auf yedes
3224 660 4984 792 Ros ain tag xl d ꞩ ii γ iiii s d
3109 773 4422 906 nota vi tagwerchner yedem die wochn v taglon
3275 876 5063 1011 per xii ꞩ xii s d
3182 1037 4110 1243 Dominica adte Leuaui
3160 1276 4342 1430 nota iii Ros die wochen vi tag auf yedes
3188 1361 4847 1529 Ros xl d ꞩ iii γ d
3145 1504 4404 1646 nota vi tagwerchner die wochn yedem vi taglon
3262 1626 5085 1750 per xii d ꞩ xiiii s xii d
3167 1788 5069 1932 nota aus den vorgenantten Rubricken schol ich schreiben
3256 1919 5076 2027 In das Lxxv Iar halben t d Was d   Rubricken
3258 2010 4861 2161 pringt vnd stett halb tail In dem 1 x Iar
3421 2321 4743 2655 Suma Latus xxii γ iii s vi d
