5321 3746
700 357 1973 518 nota vmb klain Ziegl von dem Oswaltn vnd
805 494 2532 662 Andreen v M das tawsent per viiii s ꞩ v γ v s d
721 625 1962 779 nota vmb iii C flach Ziegl das hundert
863 754 997 859 per
1269 959 1984 1185 Suma i C γ v d
845 1577 2072 1753 Ein ander ausgeben auf Mawrer
898 1742 2017 1831 tag wercher vnd fur so man die prugkch
846 1814 2043 1919 vnderfarn hat bey Stubentor Vnd die
873 1901 2076 2039 Mawr Im graben dabey nider geuallen
915 2002 1124 2061 was
802 2064 1938 2265 Dominica deus in loco sancto
774 2271 2034 2406 nota iii Maistern die wochen yedem v taglon
902 2373 2580 2536 ain tag per xxviii ꞩ i γ vi s d
797 2496 2011 2628 nota ii gesellnn yedem die wochen v taglon
914 2614 2560 2745 ain per xxiiii ꞩ i γ d
812 2691 2068 2823 nota ain Morterknecht die wochen v tag
940 2815 2552 2982 lan per xviii ꞩ iii s d
3136 291 4254 476 nota viii tag werchen yedem die wochen
3221 452 4990 598 v taglon aim per xvi ꞩ ii γ v s x d
3114 589 4289 739 nota die wochn iiii Ros v tag auf yedes
3217 689 4944 806 Ros ain tag v d ꞩ iii γ Lxxx d
3225 791 4271 914 damit sant stain vnd Ziegl gefurt
3144 908 4287 1085 Dominica deus in adiutorium
3154 1075 4293 1213 nota Maister Iacoben die wochn v taglon
3259 1180 4921 1308 ain tag per xxviii ꞩ iiii s xx d
3120 1304 4402 1428 nota iii gesellen yedem die wochn v taglon
3291 1407 4966 1560 aim per xxiii ꞩ i γ iii s d
3155 1522 4313 1638 nota aim Morter knecht v taglon die
3203 1612 4946 1761 Wochn ye ain tag xviii d ꞩ iii s d
3143 1751 4252 1881 nota xii tagwerhern die wochn yedem
3217 1873 4911 2020 v taglon per xvi ꞩ xii s d
3168 1966 4384 2094 nota die wochen iiii Ros v tag auf yedes Ros
3246 2081 4337 2169 ain tag xl d damit stain sannt
3242 2157 4413 2264 Ziegl vnd die schutt alle aus dem Rat
3234 2184 4996 2341 Haws gefurt ꞩ iii γ Lxxx d
3245 2334 4357 2460 dar In kawfft xxx Muttl Kalich das
3256 2437 5000 2588 Muttl per xxviii d ꞩ iii γ iiii s d
3123 2556 4387 2698 nota die Ziegl sind vberbeliben von dem paw
3267 2671 4258 2829 so Im Rathaws beschehen ist
