5056 3777
816 390 2165 571 Eodem Ambrosii Zweckh vmb fünf Per Cento
827 571 2532 733 auf ain Iar lanng f. 100 s - d -
762 818 2015 1035 Mer selben Tags Gregor Anthoni
849 982 2541 1200 auf ain Iar lanng vmb sechs Per Cento f. 500. s - d -
768 1342 2133 1520 Am Fünfften Tag Februarii Erlegt Andre
838 1522 2117 1681 Eisler gegen Acht Per Cennto auf ain Iar lang
848 1619 2562 1846 Ain Tausent Phunndt Phening Idest f. 1000. s - d -
808 2001 2041 2181 Den Achten Februarii Hanns Männder
858 2159 2145 2306 vmb funf Per Cento auf ain Iar lang Ainhundert
854 2283 2552 2471 Phunndt Phening Idest f. 100. s - d -
765 2515 2196 2712 Den Neuntzehenten Februarii Anthoni vtten
837 2634 2573 2880 dorfer auf ain Iar lang vmb sechs Per Cento f. 100. s - d -
776 2932 2086 3335 Latus 1800 f - s - d ./.
3102 310 4325 497 Den viertzehennten Nouembris hat
3096 477 4269 608 Mathes Schniebitz Inn vnngrischer
3104 553 4299 708 Müntz für volgerait Ain Tausent
3096 668 4263 827 Phunndt Phenning dargelichen die
3087 759 4360 907 sollen Ime von dato vber Siben Mon
3094 869 4246 1028 nat Inn Teütscher Müntz Össter
3107 977 4297 1129 reichischer wehrung widerumb ohn
3080 1109 3999 1272 Inntereße betzalt werden
3980 1111 4928 1314 Idest f. 1000 s. d.
3073 1437 4375 1668 Der Ehrwürdtig vnnd geistlich Herr
3107 1601 4212 1771 Mathes Pockhlostoy Brobst Zw
3104 1721 4289 1877 Zägy Inn vnngern hat AinTausennt
3116 1837 4331 1995 Taler Ieden Per Sibentzig khreützer
3111 1952 4311 2109 gerechnet auf Zwen Arm schueler ge
3104 2056 4299 2208 stifft welche das Capitl Zw Neytra
3088 2177 4286 2334 Persentiern soll von solcher Summa
3105 2283 4347 2442 soll Zw Zinß Iärlich fünf Per Cento
3101 2406 4260 2546 geraicht vnnd die verschreibung Ain
3111 2511 4279 2660 die Alhirig vniuersitet lautundt
3117 2626 4254 2765 von fünf Zw fünf Iaren Allweg
3119 2728 4400 2872 verneuert vnd vmbgeschriben werden
3107 2841 4320 2988 Bemelte Ain Tausennt Taler hab Ich
3124 2961 4302 3099 am Achten Aprillis Aus hanndten
