5117 3637
1197 582 1907 693 Dominica Sustepunus deus
634 690 2026 790 2a Item xiiii Stainmetzen ii Zimerzins per xxiiii d
902 735 2544 869 iii Zins per xiiii d i Morterzins xv d ꞩ xiiii s xxiiii d
615 871 1970 978 3a Item ev Stainmetzen per xxiiii s xiii Zins
941 920 2516 1049 per xiiii d iii Morterzins per xv d ꞩ ii γ iii s xvii d
640 1051 1998 1168 4a Item xiiii Stainmetzen per xxiiii d xiii Zins
905 1117 2473 1244 per xiiii d iii Morterzins per xv d ꞩ ii γ Lxxxiii d
666 1224 1285 1353 5a vacant sancti Stephani
665 1310 1976 1434 6a Item xiiii Stainmetzen per xxiiii d xiii Zins
892 1375 2465 1488 per xiiii d iii Morterzins per xv d ꞩ ii γ lxxxiii d
657 1469 1972 1585 Sabato Item xiiii Stainmetzen per xxiiii d xiii Zins
884 1551 2504 1658 per xiiii d iii Morterzins per xv d ꞩ ii γ lxxxiii d
815 1651 2351 1750 Item Maister Petern seinen wochensold ꞩ vi s d
815 1730 2318 1811 nota Ir padgelt xlviiii d
781 1813 2378 1915 nota vi Santwerffern per xiiii d ꞩ lxxxiiii d
813 1892 2298 1988 nota vmb ol zum Zug xii d
1117 2296 1889 2418 Suma huius xii γ v s xv d
3293 651 3832 752 dominica ecce deus
2841 748 4230 850 2a Item xiii Stainmetzen per xxiiii d xii Zins
3137 813 4603 932 per xiiii d iii Morterzins per xv d ꞩ xvii s xv d
2857 923 4195 1045 3a Item xiii Stainmetzen per xxiiii d vi Zins
3133 989 4582 1094 per xiiii d iii Morterzins per xv d ꞩ xvii s d
2911 1097 4131 1201 4a Item xiii Stainmetzen per xxiiii xi Zins
3104 1156 4568 1282 per xiiii d iii Morterzins per xv d ꞩ xvii s d
2910 1265 3639 1377 5a vacat sancti laurentii
2899 1349 4227 1477 6a Item xiii Stainmetzen per xxiiii d xii zins
3121 1397 4642 1528 per xiii d iii Mortzins per xv d ꞩ xvii s xv d
2914 1502 4232 1622 Sabato Item xiii Stainmetzen per xxiiii d xii Zins
3137 1580 4640 1697 per xiiii d iii Morterzins per xv d ꞩ xvii s xv d
3038 1688 4565 1789 nota Maister Petern seinen wochensold ꞩ vi s d
3043 1774 4559 1864 nota von den Scheffern Zupinten xxviii d
3050 1855 4281 1945 nota Zwain furern sant vnd Stain vom wasser
3123 1917 4690 2049 auch Holtz Zum Polberch Zufurn x tag ꞩ ii γ iiii s d
3245 2302 3997 2428 Suma huius xiiii γ xliii d
