5246 3674
1095 572 1919 691 Dominica Miserere michi
657 678 1890 779 2a Item xvi Stainmetzen per xxiiii x zins
926 696 2311 849 per xii d ii Morterzins per xiii d ꞩ ii γ d
679 837 1931 961 3a Item xvi Stainmetzen per xxiiii d ix zins
916 838 2446 1008 per xii d ii Marterzins per xiii d ꞩ ii γ xxxviii d
677 996 1952 1139 4a Item xv Stainmetzen per xxiiii d x zins
959 1042 2389 1166 per xii d ii Morterzins per xiii d ꞩ ii γ xxvi d
682 1162 1965 1288 5a Item xv Stainmetzen per xxiiii d x zins
945 1194 2375 1332 per xii d ii Morterzins per xiii d ꞩ ii γ xxvi d
720 1326 1475 1419 6a Item vacat Michaelis
705 1383 2031 1510 Sabato Item xiiii Stainmetzen per xxiiii d x zins
988 1448 2348 1578 per xii d ii Morterzins per xiii d ꞩ ii γ ii d
875 1545 2329 1665 nota Maister Petern seinen wochensold ꞩ vi s d
831 1643 2294 1751 nota Ir padgelt xlviiii d
1013 1947 1772 2094 Suma Huius xi γ iiii s xi d
3521 551 4174 654 dominica Iustus es domine
2994 641 4221 727 2a Item xiii Stainmetzen per xxiiii d ix zins
3278 696 4740 792 per xii d ii Morterzins per xiii d ꞩ xiiii s xxvi d
2987 793 4214 890 3a Item viiii Stainmetzen per xxiiii ix zins
3256 840 4688 950 per xii d ii Morterzins per xiii d ꞩ xv s xx d
2994 933 4272 1051 4a Item xvi Stainmetzen per xxiiii d x zins
3228 1010 4611 1110 per xii d ii Morterzins per xiii d ꞩ ii γ l d
3013 1102 4159 1188 4a Item xvi Stainmetzen per xxiiii x Zins
3236 1157 4599 1263 per xii d ii Morterzins per xiii d ꞩ ii γ d
3007 1266 4288 1381 6a Item xvi Stainmetzen per xxiiii d x zins
3247 1306 4630 1438 per xii d ii Morterzins per xiii d ꞩ ii γ l d
3035 1417 4288 1525 Sabato Item xvi Stainmetzen per xxiiii d xii zins
3279 1498 4750 1602 per xii d ii Morterzins per xiii d ꞩ ii γ lxxiiii d
3129 1598 4674 1696 nota Maister Petern sein wochensold ꞩ vi s d
3140 1684 4637 1777 Item ii Zimerzins Zum Ristholtz per xxiiii d ꞩ xlviii d
3136 1770 4602 1893 Item vmb ain news gefell in den stain karren iii s d
3493 2033 4235 2169 Suma Huius xiiii γ xviii d
