5240 3680
1069 572 1723 677 Dominica ptettor nr
628 665 1919 757 2a Item xviiii Stainmetzen per xxiiii d x zins
889 718 2452 843 per xii d iii Morterzins per xiii d ꞩ ii γ iiii s xv d
614 834 1877 943 3a Item xviii Stainmetzen per xxiiii x zins
920 883 2475 1007 per xii ii Morterzins per xiii d ꞩ ii γ iii s viii d
601 1001 1920 1099 4a Item xviii Stainmetzen per xxiiii d x zins
895 1054 2458 1170 per xii d ii Morterzins per xiii d ꞩ ii γ iii s viii d
630 1164 1921 1281 5a Item xvii Stainmetzen per xxiiii d x zins
880 1220 2395 1342 per xii d ii Morterzins per xiii d ꞩ ii γ lxxiiii d
659 1306 1868 1415 6a Item xviii Stainmetzen per xxiii xi zins
908 1374 2443 1498 per xii d ii Morterzins per xiii d ꞩ ii γ iii s xx d
672 1481 1970 1597 Sabato Item xviii Stainmetzen per xxiiii d ix zins
941 1522 2412 1669 per xii d ii Morterzins per xiii d ꞩ ii γ lxxxvi d
832 1652 2355 1767 nota Maistor Petern seinen wochensold ꞩ vi s d
829 1751 2240 1840 nota Ir padgelt lxi d
803 1829 2374 1922 nota viiii Santwerffern per xii d ꞩ iii s xviii d
775 1915 2355 2023 nota xi fert mit Zu ain ross sant Zufurn ꞩ ii γ vi s d
778 2012 2266 2109 nota vmb Smir Zum Zug viii d
881 2227 1843 2371 Suma Huius xviii γ v s xxviii d
3514 552 4187 678 Dominica Inclina domine
2990 682 4305 777 2a Item xviii Stainmetzen per xxiiii xi zins
3269 741 4834 855 per xii d ii Morterzins per xiii d ꞩ ii γ iii s xx d
2993 848 4309 957 3a Item xviii Stainmetzen per xxiiii xii zins
3260 892 4815 1018 per xii ii Morterzins per xiii d ꞩ ii γ iiii s ii d
3006 1017 4350 1145 4a Item xviii Stainmetzen per xxiiii xi zins
3280 1053 4802 1189 per xii d ii Morterzins per xiii d ꞩ ii γ iii s xx d
3012 1182 3777 1302 5a vacat Mathei apostoli
3024 1263 4352 1367 6a Item xvii Stainmetzen per xxiiii d x zins
3247 1299 4817 1451 per xii d ii Marterzins per xiii d ꞩ ii γ lxx iiii d
3123 1436 4673 1554 Item Maister Petern sein wochensold ꞩ vi s d
3139 1547 4633 1625 Item vmb Ol vnd Reittern xxi d
3105 1626 4607 1722 Item ii Santwerffern per xii d ꞩ xxiiii d
3103 1715 4335 1808 Item Sabato xvii Stainmetzen per xxiiii d vii zins
3235 1795 4841 1911 per xii d ii Morterzins per xiii d ꞩ ii γ lxxxvi d
3307 1970 4062 2109 Suma Huius xiii γ vii d
