5246 3682
1134 588 1746 721 Dominica da patem
646 713 2010 807 2a Item xviii Stainmetzen ii Zimerzins per xxiiii d
940 771 2492 897 xi zins per xii d ii Morterzins per xiii d ꞩ ii γ v s viii d
654 889 1928 1020 3a Item xviiii Stainmetzenn ii Zimerzins per xxiiii d
922 936 2437 1057 xi zins per xii d ii Morterzins per xiii d ꞩ ii γ vi s ii d
699 1056 1961 1158 4a Item xviiii Stainmetzen per xxiiii xii zins
937 1116 2528 1239 per xii d ii Morterzins per xiii d ꞩ ii γ iiii s xxvi d
683 1222 2010 1325 5a Item xviiii Stainmetzen per xxiiii xi zins
942 1288 2577 1418 per xii d ii Morterzins per xiii d ꞩ ii γ iiii s xiiii d
703 1391 1414 1477 6a vacat Colomani
679 1467 2026 1591 Sabato Item xviiii Stainmetzen per xxiiii xii zins
937 1519 2572 1651 per xii d ii Morterzins per xiii ꞩ ii γ iiii s xxvi d
835 1634 2367 1733 Item Maister Petern seinen wochensold ꞩ vi s d
850 1732 2339 1822 nota Ir padgelt lxiiii d
1143 2035 1855 2141 Suma Huius xiiii γ l d
3440 608 4094 740 Dominica Salus populi
3009 770 4240 884 2a Item xx Stainmetzen per xx d xii zins
3272 814 4768 935 per xii d ii Morterzins per xiii d ꞩ ii γ iii s d
2999 933 4203 1039 3a Item xx Stainmetzen per xx d xii zins
3228 979 4752 1098 per xii d ii Morterzins per xiii d ꞩ ii γ iii s d
3010 1095 4228 1207 4a Item xx Stainmetzen per xx d xii zins
3241 1146 4750 1265 per xii d ii Morterzins per xiii d ꞩ ii γ iii s d
3013 1265 4273 1368 4a Item xviiii Stainmetzen per xx d iiii zins
3250 1328 4748 1436 per xii d ii Morterzins per xiii d ꞩ xv s iiii d
3027 1430 4276 1522 6a Item xviiii Stainmetzen per xx d x zins
3254 1475 4750 1592 per xii d ii Morterzins per xiii d ꞩ ii γ xlvi d
3016 1570 4356 1686 Sabato Item xviiii Stainmetzen per xx d xii zins
3234 1666 4735 1761 per xii d ii Morterzins per xiii d ꞩ ii γ lxx d
3143 1755 4669 1881 Item Maister Petern sein wochensold ꞩ vi s d
3347 2168 4021 2294 Suma Huius xiiii γ lx d
