<?xml version="1.0" encoding="UTF-8" standalone="yes"?>
<PcGts xmlns="http://schema.primaresearch.org/PAGE/gts/pagecontent/2013-07-15">
    <Metadata>
        <Creator>prov=READ-COOP:name=PyLaia@TranskribusPlatform:version=2.33.0:model_id=421541:lm=provided:date=30_10_2025_10:07</Creator>
        <Created>2025-09-15T10:15:15.270+02:00</Created>
        <LastChange>2026-01-15T12:35:12.859+01:00</LastChange>
        <TranskribusMetadata docId="10652099" pageId="102982512" pageNr="153" status="GT" userId="234" imgUrl="https://files.transkribus.eu/Get?fileType=view&amp;id=NARFXHTDMMGROTPRFJPCVFNI" imageId="86353238"/>
    </Metadata>
    <Page imageFilename="102982512.tif" imageWidth="5250" imageHeight="3659">
        <TextRegion id="region_152503659" custom="readingOrder {index:0;}">
            <Coords points="0,0 2625,0 2625,3659 0,3659"/>
            <TextLine id="tl_1760427923" custom="readingOrder {index:0;}">
                <Coords points="1811,359 1807,353 1802,351 1753,347 1669,333 1622,329 1525,333 1453,342 1396,343 1365,347 1301,360 1204,358 1194,361 1181,375 1174,397 1173,431 1179,441 1203,447 1529,444 1579,447 1773,446 1793,441 1810,428"/>
                <Baseline points="1173,416 1811,416"/>
                <TextEquiv>
                    <Unicode>dominica omina quae fecisti</Unicode>
                </TextEquiv>
            </TextLine>
            <TextLine id="line_1760541951414_12224" custom="readingOrder {index:1;}">
                <Coords points="669,500 846,476 945,470 1321,465 1983,465 1976,533 1963,533 1846,547 1635,547 1361,560 957,565 845,556 835,548 683,560 666,540"/>
                <Baseline points="830,546 1983,546"/>
                <TextEquiv>
                    <Unicode>2a Item xvi Stainmetzen per xxiiii zins per xii</Unicode>
                </TextEquiv>
            </TextLine>
            <TextLine id="line_1760541961478_12228" custom="readingOrder {index:2;}">
                <Coords points="948,576 1967,532 2343,486 2389,501 2396,512 2402,542 2398,566 2352,576 1538,636 948,636"/>
                <Baseline points="948,616 1538,616 1983,546 2370,546"/>
                <TextEquiv>
                    <Unicode>i Morterzins xiii d ꞩ vii s xxi d</Unicode>
                </TextEquiv>
            </TextLine>
            <TextLine id="tl_1760427958" custom="readingOrder {index:3;}">
                <Coords points="1874,629 1870,623 1384,625 1206,628 942,638 925,641 842,643 692,670 698,734 848,716 900,709 929,715 1103,721 1369,721 1852,712 1865,708 1873,698"/>
                <Baseline points="897,695 1874,695"/>
                <TextEquiv>
                    <Unicode>3a Item xvi Stainmetzen per xx x zins per xii d</Unicode>
                </TextEquiv>
            </TextLine>
            <TextLine id="line_1760541984583_12240" custom="readingOrder {index:4;}">
                <Coords points="953,717 1883,697 2404,658 2423,666 2426,739 2423,752 2415,757 2350,762 1588,786 953,787"/>
                <Baseline points="982,767 1588,767 2006,735 2426,735"/>
                <TextEquiv>
                    <Unicode>ii Morterzins per xiii d ꞩ xv s xvi d</Unicode>
                </TextEquiv>
            </TextLine>
            <TextLine id="tl_1760427949" custom="readingOrder {index:5;}">
                <Coords points="689,856 707,803 804,775 1968,774 1968,868 804,869"/>
                <Baseline points="804,844 1957,844"/>
                <TextEquiv>
                    <Unicode>4a Item xvi Stainmetzen per xx d xi Zins per xii d</Unicode>
                </TextEquiv>
            </TextLine>
            <TextLine id="tl_1760427967" custom="readingOrder {index:6;}">
                <Coords points="920,863 1946,860 2136,823 2355,833 2386,845 2386,904 1966,946 920,946"/>
                <Baseline points="920,923 1966,923"/>
                <TextEquiv>
                    <Unicode>ii Morterzins per xiii d ꞩ xv s xxviii d</Unicode>
                </TextEquiv>
            </TextLine>
            <TextLine id="tl_1760427930" custom="readingOrder {index:7;}">
                <Coords points="857,1025 710,1046 731,969 937,933 1980,933 1980,1035 937,1035"/>
                <Baseline points="937,1008 1980,1008"/>
                <TextEquiv>
                    <Unicode>4a Item xvi Stainmetzen per xx d xi zins per xii d</Unicode>
                </TextEquiv>
            </TextLine>
            <TextLine id="tl_1760427970" custom="readingOrder {index:8;}">
                <Coords points="2445,1062 2453,1021 2439,1006 2432,1002 2424,997 2375,999 2308,1010 2279,1002 2111,1001 1753,1023 1061,1029 1132,1034 1024,1036 958,1044 947,1059 947,1099 1013,1104 1538,1103 1969,1092 2046,1086 2339,1086 2392,1081 2441,1078"/>
                <Baseline points="947,1076 2404,1076"/>
                <TextEquiv>
                    <Unicode>ii Morterzins per xiii d ꞩ xv s xxviii d</Unicode>
                </TextEquiv>
            </TextLine>
            <TextLine id="line_1760543228637_12358" custom="readingOrder {index:9;}">
                <Coords points="740,1075 873,1099 965,1108 1045,1102 1443,1098 1997,1101 1983,1190 1819,1190 1709,1195 1651,1182 1564,1188 1440,1185 1300,1185 1027,1180 944,1166 909,1167 876,1169 740,1123"/>
                <Baseline points="921,1203 1997,1203"/>
                <TextEquiv>
                    <Unicode>6a Item xii Stainmetzen per xx d vi zins per xii d</Unicode>
                </TextEquiv>
            </TextLine>
            <TextLine id="line_1760543237134_12362" custom="readingOrder {index:10;}">
                <Coords points="966,1183 1952,1180 2002,1151 2253,1127 2460,1124 2463,1228 2460,1239 1635,1269 966,1269"/>
                <Baseline points="966,1246 1635,1246 1997,1203 2463,1203"/>
                <TextEquiv>
                    <Unicode>ii Morterzins per xiii d ꞩ xiii s viii d</Unicode>
                </TextEquiv>
            </TextLine>
            <TextLine id="tl_1760427977" custom="readingOrder {index:11;}">
                <Coords points="721,1321 714,1267 834,1233 878,1252 1486,1255 1486,1333 878,1330"/>
                <Baseline points="878,1309 1529,1309"/>
                <TextEquiv>
                    <Unicode>Sabato vacat Simonis et Iude</Unicode>
                </TextEquiv>
            </TextLine>
            <TextLine id="tl_1760427924" custom="readingOrder {index:12;}">
                <Coords points="2307,1323 2304,1302 2284,1294 2056,1291 1811,1296 1769,1304 1659,1307 1454,1322 886,1340 866,1347 862,1396 866,1405 885,1411 991,1421 1707,1427 2174,1415 2281,1399 2297,1391 2306,1373"/>
                <Baseline points="862,1393 2307,1393"/>
                <TextEquiv>
                    <Unicode>Item Maister Petern sein wochensold ꞩ vi s d</Unicode>
                </TextEquiv>
            </TextLine>
            <TextLine id="tl_1760427980" custom="readingOrder {index:13;}">
                <Coords points="2290,1427 2281,1408 2266,1404 1980,1415 1748,1416 1667,1422 928,1415 885,1417 865,1423 862,1449 864,1463 870,1467 870,1481 886,1486 1551,1484 1587,1480 1858,1476 1908,1470 2259,1472 2287,1463"/>
                <Baseline points="862,1464 2290,1464"/>
                <TextEquiv>
                    <Unicode>Item Ir padgelt xxxii d</Unicode>
                </TextEquiv>
            </TextLine>
            <TextLine id="tl_1760427918" custom="readingOrder {index:14;}">
                <Coords points="863,1496 2296,1472 2298,1575 865,1599"/>
                <Baseline points="831,1574 2296,1574"/>
                <TextEquiv>
                    <Unicode>Item santfurn ij̸ tag mit ii ross per xxx d ꞩ iii s d</Unicode>
                </TextEquiv>
            </TextLine>
            <TextLine id="tl_1760427921" custom="readingOrder {index:15;}">
                <Coords points="1211,1625 1918,1625 1918,1760 1211,1760"/>
                <Baseline points="1211,1724 1918,1724"/>
                <TextEquiv>
                    <Unicode>Suma Huius x γ iiii s xiii d</Unicode>
                </TextEquiv>
            </TextLine>
            <TextLine id="tl_1760427927" custom="readingOrder {index:16;}">
                <Coords points="1084,1784 1850,1784 1850,1890 1084,1890"/>
                <Baseline points="1084,1862 1850,1862"/>
                <TextEquiv>
                    <Unicode>dominica Inuoluntate tua</Unicode>
                </TextEquiv>
            </TextLine>
            <TextLine id="line_1760542061703_12270" custom="readingOrder {index:17;}">
                <Coords points="823,1897 842,1893 1373,1901 2025,1896 2019,1981 1914,1982 1559,2001 1271,1990 954,1990 843,1978 824,1968 629,1962 645,1894"/>
                <Baseline points="815,1995 2025,1995"/>
                <TextEquiv>
                    <Unicode>2a Item xvi Stainmetzen per xx d x zins per xii d</Unicode>
                </TextEquiv>
            </TextLine>
            <TextLine id="l_1" custom="readingOrder {index:18;}">
                <Coords points="1647,2061 1503,2073 937,2073 937,1987 1647,1981"/>
                <Baseline points="937,2050 1503,2050 1647,2009"/>
                <TextEquiv>
                    <Unicode>ii Morterzins per xiii d</Unicode>
                </TextEquiv>
            </TextLine>
            <TextLine id="l" custom="readingOrder {index:19;}">
                <Coords points="2011,1980 2022,1967 2034,1945 2411,1900 2453,1907 2487,1925 2490,2024 2482,2029 2011,2060"/>
                <Baseline points="2011,2008 2069,1995 2490,1995"/>
                <TextEquiv>
                    <Unicode>ꞩ xv s xvi d</Unicode>
                </TextEquiv>
            </TextLine>
            <TextLine id="tl_1760427942" custom="readingOrder {index:20;}">
                <Coords points="650,2079 653,2147 863,2138 971,2152 1963,2154 1967,2142 1966,2080 1956,2073 1934,2070 1651,2061 1133,2061 909,2054 858,2047"/>
                <Baseline points="882,2129 1967,2129"/>
                <TextEquiv>
                    <Unicode>3a Item xvi Stainmetzen per xx d viii zins</Unicode>
                </TextEquiv>
            </TextLine>
            <TextLine id="tl_1760427919" custom="readingOrder {index:21;}">
                <Coords points="2528,2130 2517,2124 2442,2119 2043,2128 1882,2141 1645,2142 1371,2151 1018,2150 956,2157 942,2191 950,2207 947,2218 951,2226 1029,2241 1474,2251 2470,2250 2510,2246 2527,2236"/>
                <Baseline points="942,2218 2528,2218"/>
                <TextEquiv>
                    <Unicode>per xii dii Morterzins per xiii d ꞩ xiiii s xxii d</Unicode>
                </TextEquiv>
            </TextLine>
            <TextLine id="tl_1760427979" custom="readingOrder {index:22;}">
                <Coords points="664,2299 663,2240 812,2226 1315,2226 1315,2302 812,2302"/>
                <Baseline points="970,2283 1315,2283"/>
                <TextEquiv>
                    <Unicode>4a vacat omnium sancoturm</Unicode>
                </TextEquiv>
            </TextLine>
            <TextLine id="tl_1760427933" custom="readingOrder {index:23;}">
                <Coords points="675,2404 678,2332 833,2300 2021,2298 2021,2398 833,2400"/>
                <Baseline points="920,2373 2021,2373"/>
                <TextEquiv>
                    <Unicode>5a Item xvi Stainmetzen j̸ tag per x d vii zins</Unicode>
                </TextEquiv>
            </TextLine>
            <TextLine id="tl_1760427954" custom="readingOrder {index:24;}">
                <Coords points="2468,2385 2461,2375 2445,2372 2154,2372 1466,2394 1038,2395 949,2403 936,2412 929,2433 931,2441 946,2453 992,2468 1155,2481 2002,2484 2396,2480 2445,2476 2464,2466 2468,2458"/>
                <Baseline points="929,2456 2468,2456"/>
                <TextEquiv>
                    <Unicode>per vi d i Morterzins per vi d ꞩ vi s xxviii d</Unicode>
                </TextEquiv>
            </TextLine>
            <TextLine id="tl_1760427934" custom="readingOrder {index:25;}">
                <Coords points="697,2464 697,2519 851,2541 892,2551 928,2556 1068,2561 1252,2560 1692,2573 1954,2572 1957,2564 1956,2496 1943,2486 1929,2484 1797,2487 1425,2484 898,2472 853,2460"/>
                <Baseline points="881,2547 1957,2547"/>
                <TextEquiv>
                    <Unicode>6a Item xvii Stainmetzen per xx d vii zins</Unicode>
                </TextEquiv>
            </TextLine>
            <TextLine id="tl_1760427951" custom="readingOrder {index:26;}">
                <Coords points="2534,2533 2263,2544 1665,2562 988,2566 982,2573 959,2582 946,2587 936,2604 944,2615 978,2628 1080,2640 1468,2656 2447,2654 2467,2648 2533,2627"/>
                <Baseline points="936,2628 2474,2628"/>
                <TextEquiv>
                    <Unicode>per xii d i Morterzins per xiii d ꞩ xiiii s xvii d</Unicode>
                </TextEquiv>
            </TextLine>
            <TextLine id="tl_1760427946" custom="readingOrder {index:27;}">
                <Coords points="778,2582 684,2600 684,2658 850,2686 966,2708 987,2716 1035,2722 1237,2725 1402,2745 1661,2754 2023,2754 2070,2747 2072,2736 2065,2695 2057,2684 2018,2663 1288,2651 992,2634 855,2627 799,2583"/>
                <Baseline points="940,2724 2036,2724"/>
                <TextEquiv>
                    <Unicode>Sabato Item xvi Stainmetzen per xx d x zins per xii d</Unicode>
                </TextEquiv>
            </TextLine>
            <TextLine id="tl_1760427963" custom="readingOrder {index:28;}">
                <Coords points="955,2748 958,2758 956,2772 957,2783 966,2791 1048,2810 1147,2818 1931,2830 2469,2828 2480,2818 2480,2771 2472,2745 2407,2736 2121,2736 1966,2744 1669,2748 1365,2743 1235,2733 1016,2733 970,2738"/>
                <Baseline points="955,2805 2480,2805"/>
                <TextEquiv>
                    <Unicode>ii Morterzins per xiii d ꞩ xv s xvi d</Unicode>
                </TextEquiv>
            </TextLine>
            <TextLine id="tl_1760427966" custom="readingOrder {index:29;}">
                <Coords points="867,2821 867,2883 875,2902 930,2921 1011,2931 1608,2947 2391,2946 2396,2934 2395,2847 2371,2836 1973,2837 917,2806 874,2810"/>
                <Baseline points="867,2911 2396,2911"/>
                <TextEquiv>
                    <Unicode>nota Maister Petern sein wochensold ꞩ vi s d</Unicode>
                </TextEquiv>
            </TextLine>
            <TextLine id="tl_1760427950" custom="readingOrder {index:30;}">
                <Coords points="1103,2990 1871,2990 1871,3121 1103,3121"/>
                <Baseline points="1103,3086 1871,3086"/>
                <TextEquiv>
                    <Unicode>Suma Huius ix γ xxxviiii d</Unicode>
                </TextEquiv>
            </TextLine>
            <TextLine id="tl_1760427943" custom="readingOrder {index:31;}">
                <Coords points="1128,3330 1913,3330 1913,3450 1128,3450"/>
                <Baseline points="1128,3420 1913,3420"/>
                <TextEquiv>
                    <Unicode>Latus xviiii γ iiii s xxii d</Unicode>
                </TextEquiv>
            </TextLine>
            <TextEquiv>
                <Unicode></Unicode>
            </TextEquiv>
        </TextRegion>
        <TextRegion id="region_252503659" custom="readingOrder {index:1;}">
            <Coords points="2625,0 5250,0 5250,3659 2625,3659"/>
            <TextLine id="tl_1760427916" custom="readingOrder {index:0;}">
                <Coords points="3515,335 3512,387 3513,405 3520,413 3532,416 3553,418 3972,419 4015,415 4134,417 4165,419 4170,409 4177,348 4162,344 4155,340 4139,338 4031,338 4004,336 3974,331 3900,311 3841,301 3751,302 3624,318 3528,324 3519,328"/>
                <Baseline points="3512,388 4164,388"/>
                <TextEquiv>
                    <Unicode>dominica ante Martini</Unicode>
                </TextEquiv>
            </TextLine>
            <TextLine id="tl_1760427928" custom="readingOrder {index:1;}">
                <Coords points="3013,465 3015,528 3192,506 3225,510 3382,510 3525,503 3713,501 3885,510 4314,511 4328,509 4333,493 4331,434 4317,428 3769,434 3400,418 3200,422 3185,426"/>
                <Baseline points="3179,487 4333,487"/>
                <TextEquiv>
                    <Unicode>2a Item xvi Stainmetzen per xx d viii zins</Unicode>
                </TextEquiv>
            </TextLine>
            <TextLine id="tl_1760427948" custom="readingOrder {index:2;}">
                <Coords points="3241,507 4161,507 4365,492 4602,492 4809,503 4819,541 4813,576 4161,590 3241,590"/>
                <Baseline points="3241,567 4161,567"/>
                <TextEquiv>
                    <Unicode>per xii d ii Morterzins per xiii d ꞩ xiiii s xxii d</Unicode>
                </TextEquiv>
            </TextLine>
            <TextLine id="tl_1760427956" custom="readingOrder {index:3;}">
                <Coords points="3009,639 2987,584 3163,581 4280,582 4280,663 3163,662"/>
                <Baseline points="3211,642 4280,642"/>
                <TextEquiv>
                    <Unicode>3a Item xvi stainmetzen per xx d viii zins</Unicode>
                </TextEquiv>
            </TextLine>
            <TextLine id="line_1760542683753_12298" custom="readingOrder {index:4;}">
                <Coords points="3243,658 3509,651 3579,658 4211,647 4340,633 4454,629 4505,618 4816,617 4827,625 4827,691 4819,706 4742,721 4567,730 3243,740"/>
                <Baseline points="3333,704 4827,704"/>
                <TextEquiv>
                    <Unicode>per xii d ii Morterzins per xiii d ꞩ xiiii s xxii d</Unicode>
                </TextEquiv>
            </TextLine>
            <TextLine id="tl_1760427935" custom="readingOrder {index:5;}">
                <Coords points="3027,812 3017,739 3181,736 4082,736 4082,818 3181,818"/>
                <Baseline points="3181,796 4082,796"/>
                <TextEquiv>
                    <Unicode>4a vacat der Stainmetzen veirtag</Unicode>
                </TextEquiv>
            </TextLine>
            <TextLine id="tl_1760427939" custom="readingOrder {index:6;}">
                <Coords points="4256,823 4245,816 4213,810 3683,820 3212,816 3200,820 3033,849 3041,931 3199,894 3211,900 3432,901 3651,895 4103,900 4206,893 4230,885 4241,876 4237,871 4247,838 4255,830"/>
                <Baseline points="3194,876 4256,876"/>
                <TextEquiv>
                    <Unicode>5a Item xvi stainmetzen per xx d x zins</Unicode>
                </TextEquiv>
            </TextLine>
            <TextLine id="tl_1760427962" custom="readingOrder {index:7;}">
                <Coords points="4787,874 4771,858 4575,864 4455,864 4325,874 4240,886 4102,891 3330,898 3274,904 3258,910 3252,918 3251,948 3254,964 3266,970 3350,977 4096,978 4566,969 4786,927 4791,921"/>
                <Baseline points="3251,948 4589,948"/>
                <TextEquiv>
                    <Unicode>per xii d ii Morterzins per xiii d ꞩ xv s xvi d</Unicode>
                </TextEquiv>
            </TextLine>
            <TextLine id="tl_1760427938" custom="readingOrder {index:8;}">
                <Coords points="3047,1070 3021,1043 3066,970 3201,973 4264,973 4264,1058 3201,1058"/>
                <Baseline points="3222,1036 4264,1036"/>
                <TextEquiv>
                    <Unicode>6a Item xvii Stainmetzen per xx d x zins</Unicode>
                </TextEquiv>
            </TextLine>
            <TextLine id="tl_1760427940" custom="readingOrder {index:9;}">
                <Coords points="4745,1023 4742,1016 4731,1012 4677,1008 4466,1011 4392,1028 4079,1051 3385,1055 3366,1059 3336,1057 3316,1060 3312,1060 3293,1059 3275,1065 3267,1075 3265,1098 3275,1103 3275,1115 3265,1122 3275,1132 3317,1137 4207,1138 4669,1124 4718,1119 4741,1107 4745,1095"/>
                <Baseline points="3265,1104 4745,1104"/>
                <TextEquiv>
                    <Unicode>per xii d ii Morterzins per xiii d ꞩ ii γ vi d</Unicode>
                </TextEquiv>
            </TextLine>
            <TextLine id="line_1760542709577_12311" custom="readingOrder {index:10;}">
                <Coords points="3201,1133 3634,1133 3634,1187 3195,1197 3060,1208 3028,1187 3028,1150 3138,1113"/>
                <TextEquiv>
                    <Unicode>Sabato vacat Martini</Unicode>
                </TextEquiv>
            </TextLine>
            <TextLine id="tl_1760427944" custom="readingOrder {index:11;}">
                <Coords points="4646,1186 4624,1180 4102,1178 3226,1195 3155,1207 3145,1221 3144,1263 3148,1270 3267,1282 3554,1286 3649,1292 4239,1293 4623,1285 4642,1277 4647,1265"/>
                <Baseline points="3144,1262 4647,1262"/>
                <TextEquiv>
                    <Unicode>Item Maister Petern sein wochensold ꞩ vi s d</Unicode>
                </TextEquiv>
            </TextLine>
            <TextLine id="line_1760542715406_12317" custom="readingOrder {index:12;}">
                <Coords points="3154,1277 4585,1278 4633,1281 4633,1387 4385,1387 3154,1368"/>
                <Baseline points="3172,1344 4585,1344 4385,1359 4633,1359"/>
                <TextEquiv>
                    <Unicode>Item Ir padgelt xlviii d</Unicode>
                </TextEquiv>
            </TextLine>
            <TextLine id="tl_1760427955" custom="readingOrder {index:13;}">
                <Coords points="3402,1412 4222,1412 4222,1542 3402,1542"/>
                <Baseline points="3402,1508 4222,1508"/>
                <TextEquiv>
                    <Unicode>Suma huius viii γ iiii s xxiiii d</Unicode>
                </TextEquiv>
            </TextLine>
            <TextLine id="tl_1760427947" custom="readingOrder {index:14;}">
                <Coords points="3445,1657 3445,1705 3455,1713 3474,1717 3730,1720 4120,1720 4131,1718 4135,1714 4136,1708 4135,1633 4127,1625 4100,1619 3967,1619 3902,1612 3826,1600 3752,1600 3706,1605 3583,1625 3479,1625 3452,1636 3448,1641"/>
                <Baseline points="3445,1690 4136,1690"/>
                <TextEquiv>
                    <Unicode>Dominica ante Elizabeth</Unicode>
                </TextEquiv>
            </TextLine>
            <TextLine id="tl_1760427937" custom="readingOrder {index:15;}">
                <Coords points="2999,1718 2999,1781 3196,1809 3403,1816 3622,1810 3874,1819 4245,1819 4271,1816 4282,1808 4287,1775 4287,1754 4283,1742 4270,1734 4243,1731 4063,1739 3919,1738 3753,1742 3427,1724 3248,1722 3210,1725 3185,1729"/>
                <Baseline points="3203,1794 4287,1794"/>
                <TextEquiv>
                    <Unicode>2a Item xvi Stainmetzen per xx d ix zins</Unicode>
                </TextEquiv>
            </TextLine>
            <TextLine id="tl_1760427978" custom="readingOrder {index:16;}">
                <Coords points="4821,1877 4826,1826 4821,1811 4715,1799 4284,1801 4193,1809 3979,1816 3351,1818 3301,1822 3271,1830 3261,1836 3256,1851 3281,1876 3299,1884 3361,1892 3751,1905 4139,1901 4284,1906 4720,1906 4817,1897"/>
                <Baseline points="3256,1877 4741,1877"/>
                <TextEquiv>
                    <Unicode>per xi d ii Morterzins per xii d ꞩ xiiii s xxiii d</Unicode>
                </TextEquiv>
            </TextLine>
            <TextLine id="tl_1760427929" custom="readingOrder {index:17;}">
                <Coords points="3040,1901 3033,1933 3040,1946 3032,1970 3176,1957 3275,1974 3439,1976 3576,1973 3700,1980 3852,1978 3935,1983 4205,1983 4214,1980 4217,1973 4217,1910 4213,1902 4203,1898 4124,1897 4057,1901 3736,1906 3496,1895 3259,1890 3047,1891"/>
                <Baseline points="3227,1959 4217,1959"/>
                <TextEquiv>
                    <Unicode>3a Item xvii stainmetzen per xx d ix zins</Unicode>
                </TextEquiv>
            </TextLine>
            <TextLine id="tl_1760427960" custom="readingOrder {index:18;}">
                <Coords points="4760,1975 4742,1967 4696,1964 4346,1968 3981,1980 3315,1978 3245,1985 3239,2007 3245,2034 3241,2040 3250,2047 3332,2053 4016,2067 4750,2068 4761,2064"/>
                <Baseline points="3239,2042 4761,2042"/>
                <TextEquiv>
                    <Unicode>per xi d ii Morterzins per xii d ꞩ xv s xiii d</Unicode>
                </TextEquiv>
            </TextLine>
            <TextLine id="tl_1760427964" custom="readingOrder {index:19;}">
                <Coords points="3025,2074 3026,2120 3246,2118 3278,2122 3522,2123 3765,2135 4189,2135 4199,2132 4201,2121 4200,2074 4196,2070 4180,2067 3707,2065 3570,2060 3485,2053 3295,2049 3175,2050 3163,2056"/>
                <Baseline points="3234,2112 4201,2112"/>
                <TextEquiv>
                    <Unicode>4a Item xvi Stainmetzen per xx d ix zins</Unicode>
                </TextEquiv>
            </TextLine>
            <TextLine id="tl_1760427945" custom="readingOrder {index:20;}">
                <Coords points="4860,2207 4859,2146 4853,2135 4832,2128 4774,2122 4231,2125 3910,2133 3350,2130 3308,2133 3275,2145 3268,2154 3266,2162 3279,2181 3295,2190 3385,2204 3776,2217 4747,2230 4845,2227 4857,2221"/>
                <Baseline points="3254,2203 4860,2203"/>
                <TextEquiv>
                    <Unicode>per vi d ii Morterzins per xii d ꞩ xiiii s xxiii d</Unicode>
                </TextEquiv>
            </TextLine>
            <TextLine id="tl_1760427959" custom="readingOrder {index:21;}">
                <Coords points="3037,2210 3027,2277 3167,2260 3246,2274 3287,2280 3400,2280 3496,2274 3645,2288 4168,2290 4217,2291 4218,2235 4201,2223 4191,2220 3610,2218 3556,2216 3461,2206 3245,2201 3179,2200"/>
                <Baseline points="3230,2267 4206,2267"/>
                <TextEquiv>
                    <Unicode>5a Item xvi Stainmetzen per xx d ix zins</Unicode>
                </TextEquiv>
            </TextLine>
            <TextLine id="tl_1760427968" custom="readingOrder {index:22;}">
                <Coords points="4826,2361 4825,2288 4802,2280 4374,2283 3922,2295 3457,2284 3308,2288 3252,2296 3237,2303 3244,2336 3274,2351 3272,2356 3678,2376 4773,2382 4814,2378 4822,2374"/>
                <Baseline points="3237,2355 4826,2355"/>
                <TextEquiv>
                    <Unicode>per xi d ii Morterzins per xii d ꞩ xiiii s xxiii d</Unicode>
                </TextEquiv>
            </TextLine>
            <TextLine id="tl_1760427936" custom="readingOrder {index:23;}">
                <Coords points="3032,2326 3014,2396 3251,2443 3287,2447 3366,2449 3511,2444 3554,2446 3618,2456 3697,2462 3904,2467 4156,2466 4168,2461 4176,2454 4179,2446 4180,2412 4175,2399 4164,2392 4132,2385 3950,2386 3580,2377 3457,2369 3253,2366 3192,2352"/>
                <Baseline points="3239,2441 4180,2441"/>
                <TextEquiv>
                    <Unicode>6a Item xvi stainmetzen per xx d ix zins</Unicode>
                </TextEquiv>
            </TextLine>
            <TextLine id="tl_1760427957" custom="readingOrder {index:24;}">
                <Coords points="4804,2463 4616,2452 4203,2453 4076,2462 3839,2466 3504,2457 3331,2459 3265,2466 3261,2476 3264,2524 3271,2534 3390,2544 3571,2547 3716,2555 4078,2556 4259,2563 4616,2562 4804,2558"/>
                <Baseline points="3261,2533 4620,2533"/>
                <TextEquiv>
                    <Unicode>per xi d ii Morterzins per xii d ꞩ xiiii s xxiii d</Unicode>
                </TextEquiv>
            </TextLine>
            <TextLine id="tl_1760427941" custom="readingOrder {index:25;}">
                <Coords points="3121,2518 3047,2548 3034,2589 3177,2609 3265,2620 3284,2624 3537,2624 3754,2639 3896,2642 4221,2642 4234,2640 4237,2630 4235,2577 4224,2569 4184,2559 3905,2553 3660,2555 3311,2541 3249,2544 3191,2538"/>
                <Baseline points="3236,2616 4237,2616"/>
                <TextEquiv>
                    <Unicode>Sabato Item xvi Stainmetzen per xx d x zins</Unicode>
                </TextEquiv>
            </TextLine>
            <TextLine id="tl_1760427925" custom="readingOrder {index:26;}">
                <Coords points="3262,2655 3265,2685 3276,2698 3337,2710 3717,2727 4063,2730 4612,2744 4699,2743 4712,2735 4713,2653 4695,2644 4105,2640 3844,2644 3679,2637 3415,2634 3274,2640 3265,2645"/>
                <Baseline points="3262,2715 4713,2715"/>
                <TextEquiv>
                    <Unicode>per xi d ii Morterzins per xii d ꞩ xv s iiii d</Unicode>
                </TextEquiv>
            </TextLine>
            <TextLine id="tl_1760427920" custom="readingOrder {index:27;}">
                <Coords points="3109,2732 3110,2774 3123,2783 3315,2800 4412,2837 4608,2838 4661,2829 4667,2795 4665,2760 4642,2747 4109,2732 3779,2731 3242,2715 3127,2718 3114,2722"/>
                <Baseline points="3109,2805 4667,2805"/>
                <TextEquiv>
                    <Unicode>Item Maister Petern sein wochensod ꞩ vi s d</Unicode>
                </TextEquiv>
            </TextLine>
            <TextLine id="tl_1760427922" custom="readingOrder {index:28;}">
                <Coords points="3102,2825 3103,2867 3112,2876 3181,2889 3453,2910 3763,2920 4533,2922 4596,2920 4605,2907 4605,2867 4594,2855 4472,2845 3853,2817 3381,2804 3126,2804 3105,2810"/>
                <Baseline points="3102,2891 4605,2891"/>
                <TextEquiv>
                    <Unicode>nota vmb pech vnd smir Zum Zug xxi d</Unicode>
                </TextEquiv>
            </TextLine>
            <TextLine id="tl_1760427932" custom="readingOrder {index:29;}">
                <Coords points="3358,2928 3975,2928 3975,3050 3358,3050"/>
                <Baseline points="3358,3018 3975,3018"/>
                <TextEquiv>
                    <Unicode>Suma huius xii γ x d</Unicode>
                </TextEquiv>
            </TextLine>
            <TextLine id="tl_1760427931" custom="readingOrder {index:30;}">
                <Coords points="3497,3243 4115,3243 4115,3368 3497,3368"/>
                <Baseline points="3497,3336 4115,3336"/>
                <TextEquiv>
                    <Unicode>latus xx γ v s iiii d</Unicode>
                </TextEquiv>
            </TextLine>
            <TextEquiv>
                <Unicode></Unicode>
            </TextEquiv>
        </TextRegion>
    </Page>
</PcGts>
