5210 3665
1202 305 1862 428 Dominica ante Katherine
648 438 1928 538 2a Item xviii Stainmetzen per xx d x zins
862 477 2356 618 per xi d ii Morterzins per xii d ꞩ ii γ xiiii d
655 601 1875 726 3a Item xviii Stainmetzen per xx d x zins
882 657 2392 764 per xi d ii Morterzins per xii d ꞩ ii γ xiiii d
670 758 1858 857 4a Item xvii Stainmetzen per xx d x zins
914 783 2452 930 per xi d ii Morterzins per xii d ꞩ xv s xxiiii d
672 923 1908 1031 5a Item xviii Stainmetzen per xx d x zins
918 934 2350 1095 per xi d ii Morterzins per xii d ꞩ ii γ xiii d
698 1085 1908 1178 6a Item xvii Stainmetzen per xx d ix zins
940 1120 2410 1259 per xi d ii Morterzins per xii d ꞩ xv s xiii d
712 1234 1359 1320 Sabato vacat Katherine
844 1283 2259 1419 Item Maister Petern sein wochensold ꞩ vi s d
836 1395 2259 1495 Item ir padgelt lviii d
1097 1520 1755 1654 Suma Huius xi γ xvii d
1197 1670 1872 1783 dominica ante Andree
618 1782 1867 1885 2a Item xv Stainmetzen per xx d x zins
929 1832 2478 1953 per xi d ii Morterzins per xii d ꞩ xiiii s xiiii d
647 1949 1893 2038 3a Item xv Stainmetzen per xx d ix zins
925 1987 2415 2120 per xi d ii Morterzins per xii d ꞩ xiiii s iii d
664 2110 1894 2197 4a Item xiiii Stainmetzen per xx d x zins
946 2151 2429 2282 per xi d ii Morterzins per xii d ꞩ xiii s xxiiii d
647 2275 1263 2348 5a vacat Andree
696 2330 2384 2461 6a Item xv Stainmetzen per xx d iiii zins ꞩ xi s xiiii d
932 2439 1190 2509 per xi d
696 2456 2488 2584 Sabato Item xv Stainmetzen per xx d iiii zins per xi d ꞩ xi s xiiii d
811 2567 2384 2704 nota Maister Petern sein wochensold ꞩ vi s d
1095 2810 1868 2948 Suma huius viii γ vii s ix d
1044 3203 1879 3344 Latus xviiii γ vii s xxvi d
3398 275 4066 392 Dominica Adte Leuaui
2999 391 4770 508 2a Item ix Stainmetzen per xx d iiii zins per xi d ꞩ vii s xiiii d
3007 492 4758 609 3a Item ix Stainmetzen per xx d iiii zins per xi d ꞩ vii s xiiii d
3008 587 3485 691 4a vacat Nicolai
3006 629 4714 765 5a Item ix Stainmetzen per xx d iii zins per xi d ꞩ vii s iii d
3006 721 4736 821 6a Item ix Stainmetzen per xx d ii zins per xi d ꞩ vi s xxii d
3051 804 4677 895 Item Maister Petern seinen wochensold ꞩ vi s d
3007 877 4719 980 Sabato Item ix Stainmetzen per xx d ii zins per xi d ꞩ vi s xxii d
3046 964 4605 1041 Item den Stainmetzen padgelt ꞩ xxx d
3050 1039 4622 1162 Item ii newe Masspreter iii alte Zupessern ꞩ lxxxi d
3438 1168 4120 1313 Suma huius v γ v s vi d
3473 1357 3993 1479 Dominica populus Sion
2982 1458 4672 1581 2a Item ix Stainmetzen per xx d iii zins per xi d ꞩ vii s iii d
2964 1570 4675 1679 3a Item ix Stainmetzen per xx d iii zins per xi d ꞩ vii s iii d
2990 1664 4672 1746 4a Item ix Stainmetzen per xx d iii zins per xi d ꞩ vii s iii d
2983 1741 4712 1829 5a Item ix Stainmetzen per xx d iii zins per xi d ꞩ vii s iii d
2969 1822 4689 1909 6a Item ix Stainmetzen per xx d iii zins per xi d ꞩ vii s iii d
2982 1897 4691 2001 Sabato Item ix Stainmetzen per xx d i zins xi d ꞩ vi s xi d
3056 1977 4640 2103 Item Maister Petern seinen wochensold ꞩ vi s d
3316 2239 4163 2388 Suma Huius v γ vii s xxvi d
3497 3016 4157 3167 Latus xi γ v s ii d
