5242 3595
1189 606 1934 720 Dominica dum Clamarem
674 722 1980 820 2a Item xv Stainmetzen per xxiiii d xii zins
957 768 2451 899 per xiii d iii Morterzins per xv ꞩ ii γ iii s iii d
731 898 1529 989 3a vacat Assumptionis Marie
700 969 1961 1098 4a Item xv Stainmetzen per xxiiii d xii Zins
961 1021 2513 1153 per xiiii d iii Morterzins per xv d ꞩ ii γ iii s iii d
707 1141 2022 1233 5a Item xv Stainmetzen per xxiiii d vi Zimerzins
945 1239 1973 1322 per xxiiii d xii zins per xiiii iii Marter
977 1256 2579 1366 zins per xv d ꞩ ii γ vii s xxvii d
706 1363 1957 1469 6a Item xv Stainmetzen vi Zimerzins per xxiiii
933 1422 2542 1546 xii zins per xiiii d iii Morterzins per xv ꞩ ii γ vii s xxvii d
690 1548 2006 1684 Sabato Item xv Stainmetzen v Zimerzins per xxiiii
2032 1618 2541 1700 ꞩ ii γ vii s iii d
941 1632 2000 1728 xii zins per xiiii d iii mortzins per xv d
813 1718 2378 1813 nota Maister Petern seinen wochensold ꞩ vi s d
823 1805 2369 1907 nota den Stainmetzen Ir padgelt ꞩ lii d
837 1893 1924 1998 nota vmb pleischeiter Maspreter vnd
897 1965 2492 2078 Rchet scheiter dem tischer ꞩ v s xviii d
844 2057 2306 2156 Item vmb ain Reitter vii d
939 2337 1718 2486 Suma Huius xv γ lxxx d
3524 454 4099 556 Dominica deus in loco
3073 560 4380 663 2a Item xv Stainmetzen per xxiiii xii zins per xiiii d
3348 618 4860 711 iii Morterzins per xv d ꞩ ii γ iii s iii d
3078 700 4369 795 3a Item xv Stainmetzen per xxiiii d xii zins per xiiii
3354 757 4858 857 iii Morterzins per xv d ꞩ ii γ iii s iii d
3082 853 4349 940 4a Item xvi Stainmetzen per xxiiii d iii Zimerzins per
3275 933 4389 1026 xxiiii d xii Zins per xiiii ii morterzins per xv d
4389 894 4890 990 ꞩ ii γ v s xxiiii d
3102 1014 3715 1081 5a vacat Bartholomei
3098 1077 4325 1178 6a Item xvi Stainmetzen iii Zimerzins per xxiiii xii
3289 1162 4176 1246 zins per xiiii ii Morterzins per xv d
4375 1087 4892 1203 ꞩ ii γ v s xiiii d
3111 1214 4299 1326 Sabato Item xvi Stainmetzen vi Zimerzins per xxiiii d
4354 1265 4810 1366 ꞩ iii γ xxi d
3234 1315 4315 1400 xii zins per xiiii d iiii morterzins per xv d
3159 1385 4725 1483 nota Maister petern seinen wochensold ꞩ vi s d
3180 1472 4289 1562 nota ain furer allerlay Holtzwerch vnd stain
3231 1548 4659 1648 Zufurn mit ii ross iiii tag per xxx d ꞩ i γ d
3132 1637 4679 1741 nota von Scheffern Zupinten xviiii d
3407 1938 4174 2073 Suma Huius xv γ xxxiiii d
