5240 3613
969 522 1859 652 Dominica deus in adiutorium
566 655 1265 736 2a vacat Augustini
615 707 1965 854 3a Item xii Stainmetzen iii Zimerzins per xxiiii d
883 767 2404 887 xi zins per xiiii d ii morterzins per xv d ꞩ ii γ lxiiii d
630 873 1941 960 4a Item xiii Stainmetzen v Zimerzins per xxiiii
905 904 2482 1030 xi zins per xiiii d ii morterzins per xv d ꞩ ii γ iiii s xvi d
646 1024 1932 1112 5a Item xiii Stainmetzen per xxiiii d x zins
931 1049 2339 1203 per xiiii ii Morterzins per xv d ꞩ ii γ ii d
640 1190 1169 1279 6a vacat Egidii
646 1251 1914 1379 Sabato Item xiii Stainmetzen per xxiiii ix Zins
938 1289 2422 1428 per xiiii ii Morterzins per xv d ꞩ xv s xviii d
815 1404 2350 1521 nota Maister Petern seinen wochensold ꞩ vi s d
825 1508 2267 1582 nota Ir padgelt xlvi d
817 1573 2270 1663 nota vmb Smir vnd ol Zum Zug xvi d
791 1652 2293 1769 nota drew taglon stain fuder Zeraiwen xxxv d
895 2007 1776 2150 Suma Huius ix γ vii s xvii d
3556 644 4184 761 Dominica Respice domine
3002 754 4314 856 2a Item xv Stainmetzen per xxiiii xii zins
3233 795 4785 929 per xiiii d ii morterzins per xv d ꞩ ii γ lxxviii d
3034 916 4264 1013 3a Item xv Stainmetzen per xxiiii d xi zins
3235 962 4758 1073 per xiiii d ii Morterzins per xv d ꞩ ii γ lxiiii d
3014 1054 4251 1156 4a Item xv Stainmetzen per xxiiii xi zins
3291 1154 4242 1236 per xiiii d ii morterzins per xv d
4281 1102 4761 1226 ꞩ ii γ xxiiii d
3032 1227 4308 1321 5a Item xviiii Stainmetzen per xxiiii ix zins
3251 1258 4859 1396 per xiiii d ii Morterzins per xv d ꞩ ii γ iiii s xii d
3033 1389 3887 1481 6a vacat Natiuitatis Marie
3030 1468 4317 1587 Sabato Item xviiii Stainmetzen per xxiiii ix zins
3287 1532 4909 1648 per xiiii d ii Morterzins per xv d ꞩ ii γ iiii s xii d
3158 1645 4732 1754 Item Maister Petern seinen wochensold ꞩ vi s d
3179 1729 4171 1821 Item vmb xv γ pley die kiphrein
3272 1811 4203 1900 Scheiben Zimergessen vnd vmb
3289 1830 4629 1987 ettlich klamphn per iiii d ꞩ lx d
3320 2229 4153 2364 Suma Huius xii γ vii s xx d
