4889 4018
752 591 1928 729 schlags welches alles neben der Quit
773 732 1975 863 tung hiebeyligenndt ist für genueg
770 848 1932 955 samb angenomen vnnd darauf
807 960 1829 1076 die betzallung Zuthuen beuolchen
800 1069 1888 1203 Zeitliches Todts verschiden Welche
794 1196 1848 1311 Summa nun an haubtguett
810 1316 1910 1436 vnd Innteresse vermüg abgedach
791 1427 1871 1551 tes Thoman Witkho aufgerichten
803 1560 1906 1666 Tesstaments an sie als Eheleibliche
796 1666 1850 1780 Muetter Erblichen khumen ist
809 1785 1964 1897 Benenntlichen Vierhundert Sechs
794 1903 1896 2040 vnd Sechtzig gulden fünf schilling
769 1945 2397 2163 Zehen Pfening Idest f. 466. s. 5. d. 10
719 2224 1914 2374 Mehrbestimbten Lesten Iunii gab Ich Ge
792 2366 1864 2481 mainer Statt Wienn bestelten Cohr
782 2463 1868 2587 Caplan bey St. Steffan alhie herrn
774 2579 1908 2692 Iacoben Weissen sein Monnath Besol
754 2670 1844 2788 dung die sich an heut verfallen
792 2777 1864 2916 Alß vier Pfundt Phening vermüg
794 2848 2381 3031 seiner Quittung Idest f. 4. s - d -
788 3123 1954 3310 Latus 470. f. 5. s. 10. d.
2967 471 4041 670 Den Ersten Monnats Tag Iullii
3013 661 4041 782 Zalt Ich dem Erwierdigen herrn
2980 762 4051 895 Georgen Gärber Cononicus bey
2986 872 4081 1003 St. Stäffan alhie vnd Beneficiat
2982 991 4082 1116 Steffan öllers Stüfft von dennen
2980 1102 4045 1232 Sechsundfünfftzig gulden so Zu er
2973 1211 4020 1335 meltem Stüfft gehörig vnnd bey
2968 1321 4082 1450 Gemainer Statt ligendt sein ainen
2971 1427 4031 1573 Iar Zünß der sich Ietzt abgewichen
2971 1562 4026 1682 St. Georgen Tag verfallen drey
2953 1680 4001 1832 Pfundt Pfening Vt Quittung
3707 1820 4674 1961 Idest f. 3. s - d -
2928 1980 4003 2157 Den Sechsten Iulii Zalt Ich dennen
2966 2150 4024 2287 Edlen vnnd hochgelehrten herrn Tho
2940 2252 4078 2395 biasen Pierpach vnndherrn Wilhalben
2938 2371 4099 2519 Rechperger beede der Artzney doc
2944 2497 4063 2628 tor vnd weillenndt herrn Franntz
2960 2621 4056 2751 Ernreich auch der Artzney gewesten
2941 2735 4072 2886 Doctors seeligen gestüfften Stipendi
2849 2976 3455 3136 Latus per see.
