4893 4013
791 599 1852 734 Bestimbten Lesten Maii gab Ich
786 728 1965 831 dem herrn Iacoben Vleiß Gemainer
790 826 1862 944 Statt bestelten Cohr Caplan bey St.
794 937 1893 1052 Steffan alhie sein Monnath besoldung
780 1044 1874 1166 die sich ain heut verfallen vier gul
794 1152 2401 1348 den Vt Quittung Idest f. 4. s - d -
755 1425 1834 1628 Den Aindlefften Iunii Zalt Ich der
788 1619 1887 1728 Erwierdigen Frauen obristen vnd
795 1720 1849 1832 Conuent des wierdigen Gotts
774 1827 1828 1949 hauß St. Iacob alhie das Quot
759 1928 1830 2072 temberlich Innteresse von der
769 2059 1863 2180 Summa gelts so ermeltes Gotts
769 2170 1896 2282 hauß bey Gemainer Statt wienn
766 2274 1874 2408 Burckhrecht weiß anligenndt hat
779 2394 1827 2522 das sich Ietzt heilige Phingsten
802 2525 1861 2639 mit fünfundreissig gulden vier
774 2634 1887 2763 schilling Viertzehen Pfening Vermüg
772 2759 1812 2892 Irer Quittung hiebeyligenndt
1574 2777 2388 3016 Idest f. 35. s. 4. d. 14
706 3125 1867 3350 Latus 39 f. 4. s. 14. d.
2974 461 4079 682 Den drey Zehenden Iunii Zalt Ich
3025 666 4044 781 dem Erwierdigen herrn Michaeln
3021 774 4051 899 hoffman Cormaister bey St. Steffan
3016 889 4088 1018 alhie sein Quottember gebürnus
3008 990 4050 1121 wegen verrichtung der Matur
2970 1111 4004 1232 Nemblichen Syben gulden Zwenn
3000 1221 3997 1375 schilling Pfening Vt Quittung
3615 1328 4653 1486 Idest f. 7. s. 2. d -
2925 1582 3978 1758 Eodem die Zalt Ich dennen herrn
2993 1746 4012 1871 Leuitten bey St. Steffans Thumb
2974 1862 4008 2005 khierchen alhie Ir Quottember
2987 1992 3965 2114 gebürnus wegen verrichtung
2979 2103 4096 2227 des Beneficii Trinitatis auf Ietzige
2975 2230 4008 2355 Quottember benthecostes ver
2967 2320 4063 2464 fallen Neüntzechen Pfundt Syben
2971 2468 4054 2613 schilling Siben vnd Zwaintzig Pfen
2985 2606 3684 2745 ning Vt Quittung
3658 2692 4669 2874 Idest f. 19. s. 7. d. 27.
2911 2939 3961 3118 Latus 27. f. 1. s. 27. d.
