4899 4020
792 576 1898 717 geordneten Superintendenten von
786 702 1961 833 denen Zwaytausenndt gulden haubt
780 820 1914 939 Summa die vmb fünf Per Cennto
798 929 1930 1057 bey Gemainer Statt anligenndt
793 1047 1868 1167 sein ainen halben Iar Zünß der
795 1168 1901 1269 sich den Ersten dits Monnats Ver
767 1271 1944 1386 fallen Benenntlichen Fünfftzig
793 1388 1826 1520 gulden Reinisch Vt Quittung
1437 1428 2406 1631 Idest f. 50. s - d -
777 1633 1829 1842 Den Vierund Zwaintzigisten Iulii
824 1827 1833 1938 Zalt Ich dem herrn M. Ioannes
819 1935 1913 2045 Paulus Rigosius Prouisorn der Rosten
811 2026 1888 2140 Burschen alhie ainen Quottember
807 2144 1938 2243 Zünß von dem bey Gemainer Statt
817 2240 1900 2351 anligendten Stüfftgellt Benennt
794 2351 1903 2475 lichen Achtzehen gulden vier schilling
797 2476 1877 2590 Pfening vermüg Quittung
1525 2565 2402 2768 Idest f 18. s. 4. d -
750 2949 1664 3154 Latus 68 f. 4. s d.
3004 494 4088 650 Den Lesten Iulii gab Ich dem herrn
3004 645 4086 767 Iacoben Weiß Gemainer Statt
2991 734 4046 859 Cohr Caplan bey St. Steffan alhie
3014 850 4072 983 ein gebürundte Monnath besoldung
2990 957 4102 1115 vier Pfundt Pfening Vt Quittung
3657 1070 4633 1221 Idest f. 4. s - d -
2956 1274 4031 1460 Den Sechsten Augustii Zalt Ich dem
3002 1446 3999 1566 Edl vnd vessten herrn Christophen
2981 1554 4039 1680 Lehner des Khinigl. Stattgerichts
3002 1670 4035 1798 alhie beysitzer etc. Alß weillenndt
2993 1781 3995 1903 Frauen Anna Khinigin seeligen
2998 1891 3984 2020 gethonnen Stüffts geordtneten
2982 1999 4048 2133 Executorn von denen Aintau
2988 2107 4057 2243 senndt Sechshundert gulden haubt
2983 2228 4049 2364 Summa so Zu ermeltem Stüfft
2999 2340 4103 2478 gehörig vnd vmb fünf Per Cennto
3011 2463 4063 2605 bey Gemainer Statt ligenndt
2999 2592 4054 2721 sein ainen ganntzen Iar Zünß
2990 2714 4053 2852 der sich den Viertzechenden Iunii
3046 2978 3590 3114 Latus per see.
