4881 3876
762 556 1876 697 bey Gemainer Statt anligenndt
793 702 1872 807 hat ainen ganntzen Iar Zünß der
791 793 1921 904 sich an heut verfallen Benenntlichen
782 904 1920 1043 Zwayhundert Zehen Pfundt Phening
796 1038 1731 1162 vermüg seiner Quittung
1573 1066 2403 1274 Idest f. 210 s - d -
766 1302 1878 1486 Den Achtzehenden September Zalt
786 1480 1895 1593 Ich dem Erwierdigen herrn Pater
782 1586 1864 1704 Ioannes ostorpius Societatis Iesu
803 1698 1925 1817 Zu Grätz Regens ainen halben Iar
797 1819 1847 1922 Zünß von dem bey Gemainer
804 1923 1843 2044 Statt Wienn anligendten Stüfft
814 2041 1900 2157 gelt Benenntlichen Fünffund
774 2156 1843 2288 Sybentzig gulden Reinisch so sich
772 2290 1866 2405 den Ersten Iulii Iüngsthin ver
766 2409 1686 2534 fallen vermüg Quittung
1255 2437 2384 2656 Idest f. 75. s - d -
751 2857 1859 3058 Latus 285 f. - s - d.
2976 439 4104 636 Den Neüntzechenden September gab
3003 617 4010 753 Ich dem Erwierdigen herrn Michaeln
3002 733 4031 855 hoffman des Löblichen Thumb Stüffts
3010 854 4020 967 bey St. Steffan alhie Cohrmaister
2999 953 4056 1063 sein Quottember gebürnus wegen
2999 1050 4058 1170 verrichtung der Matur Nemb
2987 1158 4001 1289 lichen Syben Pfundt Zwen schilling
2990 1279 3757 1417 Pfening Vt Quittung
3681 1367 4673 1534 Idest f. 7. s. 2. d -
2940 1620 4097 1793 Eodem die Zalt Ich der Erwierdigen
2994 1777 3999 1901 Frauen Agnes obristen bey St.
2971 1885 4050 2020 Iacob alhie ainen Quottember
2974 2006 4026 2134 Zünß auf Ietzt Michaelis ver
2993 2138 4008 2224 fallen von dem bey Gemainer
2979 2219 4030 2346 Statt Wienn anligendten Stüfft
2956 2329 3987 2469 geldt Benenntlichen Fünfund
2947 2449 4039 2604 dreissig gulden vier schilling Vier
2924 2582 4060 2714 Zehen Pfening vermüg Irer Quit
2920 2661 4656 2846 tung hiebey Idest f. 35. s. 4. d. 14.
2931 2955 3956 3167 Latus 42. f. 6. s. 14. d.
