4917 4035
797 616 1929 768 bey Gemainer Statt vmb fünf Per
821 743 1866 875 Cennto angelegten haubt Summa
806 859 1937 991 biß Ersten nechst abgeloffnen Monnats
803 977 1900 1100 Iullii abgeraitt vnd verfallne Inte
785 1080 1923 1213 resse benenntlichen Aintausenndt
799 1191 1946 1321 Sechsund Viertzig gulden Vier schilling
814 1314 1897 1442 Achtzechen Pfening Vermüg SPecifi
789 1427 1939 1546 cierten vnnd geferttigten Abrait
769 1540 1950 1688 tung vnd Quittung hiebeyligenndt
1337 1569 2427 1796 Idest f. 1046. s. 4. d. 18.
797 1885 1957 2049 Eodem die gab Ich dem herrn Iacoben
849 2052 1953 2154 Weiß Gemainer Statt Cohr Caplan
837 2165 1914 2275 bei St. Steffan alhie sein Mon
834 2281 1879 2407 nath besoldung die sich an heut
850 2413 1879 2518 verfallen Benenntlichen Vier
839 2522 1955 2673 Pfundt Phening Vt Quittung
1579 2612 2433 2827 Idest f. 4. s - d -
790 2989 2066 3217 Latus 1050 f. 4. s. 18. d.
2945 451 4068 656 Den Neünten September Zalt Ich dem
2990 628 4045 752 wolgebornnen herrn herrn Hanns
2998 746 4020 870 Christoph Woltzogen freyherrn etc.
2995 833 4026 971 von dennen Aintausenndt gulden
3000 956 4041 1084 Reinisch haubt Summa so sein herr
2996 1063 4090 1188 Vatter herr Paull Woltzogen etc. see
3007 1173 4080 1300 liger gegen fünf Per Cennto bey
3001 1266 4098 1409 Gemainer Statt Wienn anligenndt
3002 1391 4069 1519 verlassen ainen ganntzen Iar Zünß
2987 1502 4100 1639 der sich den lesten december des ver
2978 1608 4093 1751 schinen Aintausenndt Sechshundert
2972 1732 4112 1870 Sechsten Iars verfallen benenntlichen
3008 1840 4090 2001 Fünfftzig Pfundt Phening Vt Quit
2960 1949 4705 2111 tung Idest f. 50. s. - d -
2995 2201 4052 2370 Den Sechtzehenden September Zalt
3009 2339 4042 2474 Ich dem herrn Georgen Schwaben
2999 2455 4126 2608 Geistlichen Contribution Einnemen etc.
3016 2563 4032 2709 von denen dreytausenndt gulden
3001 2676 4078 2846 Reinisch so Er vmb Syben Per Cento
2801 2987 3476 3170 Latus per see.
