<?xml version="1.0" encoding="UTF-8" standalone="yes"?>
<PcGts xmlns="http://schema.primaresearch.org/PAGE/gts/pagecontent/2013-07-15" xmlns:xsi="http://www.w3.org/2001/XMLSchema-instance" xsi:schemaLocation="http://schema.primaresearch.org/PAGE/gts/pagecontent/2013-07-15 http://schema.primaresearch.org/PAGE/gts/pagecontent/2013-07-15/pagecontent.xsd">
    <Metadata>
        <Creator>prov=READ-COOP:name=PyLaia@TranskribusPlatform:version=2.26.0:model_id=327853:lm=provided:date=29_04_2025_15:06</Creator>
        <Created>2025-04-28T12:16:31.307+02:00</Created>
        <LastChange>2025-05-07T11:08:07.307+02:00</LastChange>
        <TranskribusMetadata docId="8184514" pageId="95938600" pageNr="157" tsid="241807655" status="GT" userId="261754" imgUrl="https://files.transkribus.eu/Get?id=CZVRYONHIILYPAISTFSGQBAU&amp;fileType=view" xmlUrl="https://files.transkribus.eu/Get?id=UXFASBSLKLMJDGFLGNEHIXXI" imageId="80318805"/>
    </Metadata>
    <Page imageFilename="95938600.tif" imageWidth="4907" imageHeight="4016">
        <ReadingOrder>
            <OrderedGroup id="ro_1746608887307" caption="Regions reading order">
                <RegionRefIndexed index="0" regionRef="region_149074016"/>
                <RegionRefIndexed index="1" regionRef="region_249074016"/>
            </OrderedGroup>
        </ReadingOrder>
        <TextRegion id="region_149074016" custom="readingOrder {index:0;}">
            <Coords points="0,0 2453,0 2453,4016 0,4016"/>
            <TextLine id="tl_1745912237" custom="readingOrder {index:0;}">
                <Coords points="755,631 754,667 760,694 781,712 791,727 848,739 1093,744 1205,732 1239,733 1314,744 1434,745 1479,735 1509,724 1641,724 1831,713 1844,702 1843,661 1835,647 1793,628 1680,604 1585,596 1485,596 1432,606 1353,628 1292,634 1194,634 1080,618 1010,596 943,585 916,576 893,549 851,534 808,543 794,553 787,585 779,598 761,613"/>
                <Baseline points="754,690 1844,690"/>
                <TextEquiv>
                    <Unicode>Den Zwelfften Maii Zalt Ich dem</Unicode>
                </TextEquiv>
            </TextLine>
            <TextLine id="tl_1745912269" custom="readingOrder {index:1;}">
                <Coords points="1925,753 1920,737 1908,732 1737,731 1637,738 1497,738 1454,750 1448,755 1385,760 1336,758 1259,744 1218,742 1025,751 843,743 804,750 793,760 788,776 788,825 793,832 812,837 999,846 1111,846 1321,832 1425,838 1587,827 1825,838 1872,834 1920,820 1925,808"/>
                <Baseline points="788,815 1925,815"/>
                <TextEquiv>
                    <Unicode>Erwierdigen herrn Iacoben Gemb</Unicode>
                </TextEquiv>
            </TextLine>
            <TextLine id="tl_1745912252" custom="readingOrder {index:2;} unclear {offset:0; length:6;}">
                <Coords points="776,864 776,949 780,955 791,960 823,964 950,963 1067,971 1178,963 1330,958 1459,963 1566,949 1614,949 1726,967 1771,967 1851,950 1888,943 1888,873 1859,863 1832,855 1692,845 1549,848 1478,854 1416,867 1376,861 1358,854 1308,848 833,845 790,850 781,854"/>
                <Baseline points="776,938 1864,938"/>
                <TextEquiv>
                    <Unicode>linger Thumbherrn bey St. Steffan</Unicode>
                </TextEquiv>
            </TextLine>
            <TextLine id="tl_1745912266" custom="readingOrder {index:3;}">
                <Coords points="1874,990 1866,978 1823,971 1701,974 1589,963 1528,963 1427,973 1347,974 1278,983 1235,983 1166,973 1039,967 852,966 811,971 801,977 798,1046 801,1063 809,1072 846,1079 946,1078 1044,1069 1120,1069 1272,1080 1373,1079 1423,1073 1468,1079 1591,1079 1652,1067 1702,1063 1865,1063 1874,1056"/>
                <Baseline points="798,1050 1874,1050"/>
                <TextEquiv>
                    <Unicode>alhie von dennen Fünfftzig gulden</Unicode>
                </TextEquiv>
            </TextLine>
            <TextLine id="tl_1745912253" custom="readingOrder {index:4;}">
                <Coords points="793,1108 793,1156 797,1164 811,1169 860,1174 1225,1178 1343,1166 1418,1165 1468,1170 1503,1179 1597,1180 1665,1168 1901,1163 1922,1160 1928,1151 1925,1091 1914,1084 1728,1073 1633,1074 1545,1088 1502,1087 1432,1077 1380,1077 1300,1097 1219,1095 1066,1074 861,1078 807,1089 796,1097"/>
                <Baseline points="793,1151 1928,1151"/>
                <TextEquiv>
                    <Unicode>so bey Gemainer Statt hieuor aber</Unicode>
                </TextEquiv>
            </TextLine>
            <TextLine id="tl_1745912258" custom="readingOrder {index:5;}">
                <Coords points="1987,1193 1984,1183 1975,1179 1925,1175 1653,1176 1533,1192 1416,1178 1273,1182 1187,1194 951,1181 834,1182 780,1195 776,1204 776,1264 786,1276 836,1285 1087,1291 1236,1288 1432,1272 1493,1276 1573,1292 1668,1292 1744,1287 1925,1288 1974,1278 1984,1272"/>
                <Baseline points="776,1262 1987,1262"/>
                <TextEquiv>
                    <Unicode>auf hannsen Gallottens hauß Burckh</Unicode>
                </TextEquiv>
            </TextLine>
            <TextLine id="tl_1745912245" custom="readingOrder {index:6;}">
                <Coords points="1917,1329 1912,1321 1898,1316 1784,1299 1704,1299 1655,1308 1605,1312 1562,1307 1496,1291 1453,1287 1392,1287 1300,1297 1133,1298 970,1294 833,1297 789,1303 774,1311 773,1391 780,1400 795,1402 936,1402 1107,1390 1438,1396 1572,1394 1654,1402 1783,1401 1896,1394 1914,1388 1917,1384"/>
                <Baseline points="773,1371 1917,1371"/>
                <TextEquiv>
                    <Unicode>Rechts weiß ligenndt gewest Ainen</Unicode>
                </TextEquiv>
            </TextLine>
            <TextLine id="tl_1745912249" custom="readingOrder {index:7;}">
                <Coords points="782,1449 782,1506 785,1517 799,1526 831,1529 1133,1517 1182,1521 1221,1531 1296,1532 1343,1526 1368,1515 1407,1508 1455,1508 1509,1514 1639,1511 1715,1524 1796,1527 1835,1522 1844,1515 1846,1507 1846,1449 1842,1440 1831,1433 1676,1429 1610,1410 1568,1406 1320,1411 1141,1403 840,1410 809,1416 792,1425 785,1435"/>
                <Baseline points="782,1499 1846,1499"/>
                <TextEquiv>
                    <Unicode>Iar Zünß Nechst St. Georgii</Unicode>
                </TextEquiv>
            </TextLine>
            <TextLine id="tl_1745912250" custom="readingOrder {index:8;}">
                <Coords points="1938,1554 1917,1544 1882,1528 1844,1523 1411,1522 1278,1544 1237,1543 1189,1533 1140,1528 1034,1529 843,1540 794,1548 787,1555 785,1623 788,1629 797,1633 845,1636 1040,1630 1233,1630 1419,1647 1604,1658 1872,1658 1909,1655 1923,1647 1939,1638"/>
                <Baseline points="785,1624 1927,1624"/>
                <TextEquiv>
                    <Unicode>verfallen Zwen gulden Vier schilling</Unicode>
                </TextEquiv>
            </TextLine>
            <TextLine id="tl_1745912268" custom="readingOrder {index:9;}">
                <Coords points="779,1644 1605,1646 1605,1802 779,1800"/>
                <Baseline points="779,1761 1655,1761"/>
                <TextEquiv>
                    <Unicode>Pfening Vt Quittung</Unicode>
                </TextEquiv>
            </TextLine>
            <TextLine id="tl_1745912272" custom="readingOrder {index:10;}">
                <Coords points="2410,1707 2381,1720 2369,1717 2344,1720 2283,1736 2197,1742 2154,1760 2114,1770 1989,1773 1965,1776 1933,1786 1876,1798 1820,1802 1725,1802 1665,1806 1609,1816 1592,1825 1578,1841 1578,1864 1581,1872 1589,1879 1599,1896 1612,1905 1799,1911 1978,1912 2053,1908 2139,1897 2214,1881 2298,1850 2307,1840 2323,1833 2338,1817 2353,1811 2362,1802 2378,1795 2385,1788 2411,1752"/>
                <Baseline points="1578,1861 2388,1861"/>
                <TextEquiv>
                    <Unicode>Idest f. 2. s. 4. d. -</Unicode>
                </TextEquiv>
            </TextLine>
            <TextLine id="tl_1745912236" custom="readingOrder {index:11;}">
                <Coords points="742,1980 740,2053 743,2096 752,2105 793,2118 970,2113 1116,2123 1243,2106 1299,2105 1433,2124 1661,2126 1802,2120 1815,2116 1842,2109 1842,2014 1803,2005 1761,2006 1650,2025 1604,2026 1415,2016 1303,2004 1103,2001 950,1979 904,1956 887,1933 839,1924 795,1926 784,1930 765,1950 750,1959"/>
                <Baseline points="740,2074 1819,2074"/>
                <TextEquiv>
                    <Unicode>Den Achtzehenden Maii gab Ich</Unicode>
                </TextEquiv>
            </TextLine>
            <TextLine id="tl_1745912264" custom="readingOrder {index:12;}">
                <Coords points="794,2139 795,2215 812,2222 851,2225 1010,2227 1284,2216 1393,2223 1465,2233 1584,2230 1652,2238 1699,2239 1863,2224 1885,2217 1884,2139 1856,2132 1814,2126 1690,2128 1623,2141 1535,2137 1502,2139 1469,2146 1424,2146 1286,2123 1127,2127 1016,2118 930,2118 823,2124 800,2129"/>
                <Baseline points="794,2208 1869,2208"/>
                <TextEquiv>
                    <Unicode>dem Edlen vnnd Vessten herrn Paull</Unicode>
                </TextEquiv>
            </TextLine>
            <TextLine id="tl_1745912241" custom="readingOrder {index:13;}">
                <Coords points="788,2267 789,2324 806,2333 925,2335 987,2330 1198,2329 1233,2332 1297,2346 1326,2346 1382,2340 1424,2341 1495,2334 1578,2331 1717,2346 1781,2346 1861,2333 1865,2325 1864,2278 1852,2269 1691,2258 1628,2241 1603,2238 1459,2240 1346,2230 1264,2229 1105,2243 965,2233 830,2235 793,2245"/>
                <Baseline points="788,2316 1865,2316"/>
                <TextEquiv>
                    <Unicode>Wideman des Khinigl. Statt ge</Unicode>
                </TextEquiv>
            </TextLine>
            <TextLine id="tl_1745912244" custom="readingOrder {index:14;} unclear {offset:9; length:3;}">
                <Coords points="775,2378 776,2439 788,2445 829,2449 920,2449 1044,2442 1107,2453 1151,2454 1228,2439 1448,2440 1508,2443 1616,2457 1832,2458 1871,2457 1882,2453 1900,2455 1900,2365 1880,2352 1856,2348 1529,2351 1347,2363 1194,2343 1035,2340 834,2352 786,2363 778,2368"/>
                <Baseline points="775,2427 1885,2427"/>
                <TextEquiv>
                    <Unicode>richts Beüsützer etc. dreissig gulden</Unicode>
                </TextEquiv>
            </TextLine>
            <TextLine id="tl_1745912242" custom="readingOrder {index:15;}">
                <Coords points="779,2474 779,2548 782,2554 795,2559 969,2556 1069,2560 1172,2550 1274,2549 1380,2556 1493,2574 1657,2579 1845,2578 1857,2574 1862,2561 1862,2504 1860,2495 1852,2489 1807,2482 1685,2475 1613,2464 1436,2454 1296,2455 1217,2449 1185,2450 1149,2458 1017,2452 937,2458 824,2460 787,2464"/>
                <Baseline points="779,2545 1862,2545"/>
                <TextEquiv>
                    <Unicode>Reinisch so Ain Edler hochweiser</Unicode>
                </TextEquiv>
            </TextLine>
            <TextLine id="tl_1745912246" custom="readingOrder {index:16;}">
                <Coords points="798,2588 799,2662 808,2670 841,2675 1077,2672 1204,2683 1403,2675 1590,2687 1865,2689 1881,2687 1883,2683 1881,2617 1868,2609 1833,2605 1708,2604 1631,2591 1476,2582 1325,2562 1209,2567 1014,2562 852,2567 808,2574 801,2578"/>
                <Baseline points="798,2655 1883,2655"/>
                <TextEquiv>
                    <Unicode>Statt Rath etc. Seiner diennerin</Unicode>
                </TextEquiv>
            </TextLine>
            <TextLine id="tl_1745912238" custom="readingOrder {index:17;}">
                <Coords points="802,2683 1940,2684 1940,2825 802,2824"/>
                <Baseline points="802,2788 1918,2788"/>
                <TextEquiv>
                    <Unicode>Elisabeth Mändlin aus weillendt</Unicode>
                </TextEquiv>
            </TextLine>
            <TextLine id="tl_1745912254" custom="readingOrder {index:18;}">
                <Coords points="1352,2993 1348,2982 1344,2978 1321,2967 1161,2954 1067,2954 986,2958 798,2972 747,2987 720,3002 698,3021 693,3048 693,3089 702,3101 716,3105 799,3115 1016,3126 1155,3138 1345,3138 1351,3136 1354,3129 1354,3017"/>
                <Baseline points="693,3092 1354,3092"/>
                <TextEquiv>
                    <Unicode>Latus per see.</Unicode>
                </TextEquiv>
            </TextLine>
            <TextEquiv>
                <Unicode></Unicode>
            </TextEquiv>
        </TextRegion>
        <TextRegion id="region_249074016" custom="readingOrder {index:1;}">
            <Coords points="2454,0 4907,0 4907,4016 2454,4016"/>
            <TextLine id="tl_1745912235" custom="readingOrder {index:0;}">
                <Coords points="2989,641 2993,659 3019,679 3040,686 3266,685 3404,669 3532,672 3607,668 3675,677 3818,654 3891,653 3966,659 4018,655 4026,645 4026,556 4023,549 4008,542 3973,535 3928,532 3888,537 3824,553 3720,546 3652,548 3600,556 3553,571 3498,582 3412,586 3245,559 3186,543 3122,520 3080,518 3030,543 3020,577 3001,587 2991,597"/>
                <Baseline points="2989,644 4026,644"/>
                <TextEquiv>
                    <Unicode>Herrn Franntz Ernreich docters</Unicode>
                </TextEquiv>
            </TextLine>
            <TextLine id="tl_1745912271" custom="readingOrder {index:1;}">
                <Coords points="4086,696 4068,685 3944,689 3890,685 3820,673 3740,677 3705,688 3669,692 3634,685 3543,686 3432,677 3361,678 3267,697 3233,700 3152,699 3027,716 3017,720 3014,725 3014,787 3018,793 3030,795 3149,795 3253,788 3351,787 3590,769 3738,767 3825,761 3865,765 3938,784 4026,785 4072,771 4081,761"/>
                <Baseline points="3014,763 4086,763"/>
                <TextEquiv>
                    <Unicode>seeligen bey Gemainer Statt ge</Unicode>
                </TextEquiv>
            </TextLine>
            <TextLine id="line_1745931247903_429" custom="readingOrder {index:2;}">
                <Coords points="3009,843 3014,828 3034,820 3088,810 3199,800 3489,787 3841,791 4082,819 4082,903 4051,897 3803,878 3566,884 3253,906 3031,905 3017,902 3010,895"/>
                <Baseline points="3009,889 4082,889"/>
                <TextEquiv>
                    <Unicode>widmeten vnd gestüfften Interesse</Unicode>
                </TextEquiv>
            </TextLine>
            <TextLine id="tl_1745912256" custom="readingOrder {index:3;} unclear {offset:5; length:2;}">
                <Coords points="4120,943 4117,916 4108,906 4056,904 3926,910 3871,908 3803,894 3766,891 3598,891 3461,900 3283,927 3234,928 3149,920 3043,934 3027,940 3023,946 3022,1001 3027,1009 3047,1014 3148,1015 3288,1010 3412,1015 3454,1013 3725,981 3889,980 4017,990 4059,990 4087,983 4099,968 4117,955"/>
                <Baseline points="3022,984 4120,984"/>
                <TextEquiv>
                    <Unicode>mit gnaden Zuraichen verwilligt</Unicode>
                </TextEquiv>
            </TextLine>
            <TextLine id="tl_1745912251" custom="readingOrder {index:4;}">
                <Coords points="4089,1020 4084,1011 4071,1007 3959,1001 3665,999 3628,1002 3406,1040 3346,1041 3244,1036 3147,1044 3044,1043 3011,1050 2998,1060 2994,1108 2997,1114 3008,1119 3044,1124 3214,1124 3285,1128 3541,1114 3667,1124 3994,1116 4034,1110 4086,1088 4089,1080"/>
                <Baseline points="2994,1095 4089,1095"/>
                <TextEquiv>
                    <Unicode>vermüg seiner Quittung vnnd</Unicode>
                </TextEquiv>
            </TextLine>
            <TextLine id="tl_1745912273" custom="readingOrder {index:5;}">
                <Coords points="3018,1119 3642,1119 3642,1294 3018,1294"/>
                <Baseline points="3018,1248 3642,1248"/>
                <TextEquiv>
                    <Unicode>Suppliciern hiebey</Unicode>
                </TextEquiv>
            </TextLine>
            <TextLine id="tl_1745912270" custom="readingOrder {index:6;}">
                <Coords points="3691,1224 3691,1263 3696,1298 3733,1338 3742,1340 4381,1341 4618,1336 4665,1331 4677,1322 4680,1305 4677,1244 4655,1224 4646,1202 4631,1193 4529,1201 4396,1198 4216,1200 4163,1205 4084,1219 4016,1221 3952,1212 3865,1190 3796,1184 3758,1187 3719,1196 3700,1206"/>
                <Baseline points="3691,1301 4680,1301"/>
                <TextEquiv>
                    <Unicode>Idest f. 30. s. - d -</Unicode>
                </TextEquiv>
            </TextLine>
            <TextLine id="tl_1745912239" custom="readingOrder {index:7;}">
                <Coords points="2966,1495 2966,1528 2971,1543 2990,1558 3002,1578 3017,1581 3211,1581 3486,1562 3801,1580 3936,1569 4065,1568 4107,1557 4117,1550 4122,1537 4124,1468 4122,1454 4117,1448 4068,1437 3952,1439 3849,1451 3769,1452 3729,1445 3657,1417 3607,1411 3559,1422 3531,1435 3437,1465 3343,1466 3291,1457 3261,1442 3250,1429 3233,1418 3137,1402 3090,1389 3058,1386 3005,1397 2993,1461 2969,1484"/>
                <Baseline points="2966,1530 4124,1530"/>
                <TextEquiv>
                    <Unicode>Den lesten Monnats Tag Maii Zalt Ich</Unicode>
                </TextEquiv>
            </TextLine>
            <TextLine id="tl_1745912259" custom="readingOrder {index:8;}">
                <Coords points="3003,1609 3003,1671 3008,1677 3018,1680 3156,1677 3306,1664 3508,1664 3575,1674 3613,1673 3681,1664 3820,1667 4017,1655 4032,1650 4036,1641 4036,1602 4028,1589 4018,1585 3952,1581 3872,1583 3799,1598 3717,1599 3682,1595 3650,1585 3616,1580 3485,1573 3323,1588 3241,1586 3152,1598 3027,1597 3011,1600"/>
                <Baseline points="3003,1651 4036,1651"/>
                <TextEquiv>
                    <Unicode>dem Erwierdigen herrn Pater</Unicode>
                </TextEquiv>
            </TextLine>
            <TextLine id="tl_1745912247" custom="readingOrder {index:9;}">
                <Coords points="4071,1687 4047,1676 4037,1673 3681,1676 3575,1692 3547,1690 3520,1680 3482,1676 3258,1679 3015,1712 3007,1719 3006,1771 3009,1784 3021,1790 3089,1791 3218,1783 3585,1786 3627,1784 3735,1769 3812,1772 3876,1780 4032,1770 4045,1767 4071,1762"/>
                <Baseline points="3006,1760 4052,1760"/>
                <TextEquiv>
                    <Unicode>Petrus Sybenbürger Vicario vnd</Unicode>
                </TextEquiv>
            </TextLine>
            <TextLine id="tl_1745912240" custom="readingOrder {index:10;}">
                <Coords points="4065,1805 4059,1794 4038,1789 3967,1789 3888,1797 3850,1795 3790,1783 3742,1780 3462,1802 3228,1791 3176,1794 3103,1805 3034,1804 2992,1815 2979,1822 2976,1831 2976,1885 2979,1891 2988,1895 3029,1897 3179,1892 3310,1894 3458,1890 3534,1904 3618,1903 3656,1890 3722,1883 3850,1891 3975,1889 4009,1893 4047,1889 4062,1881 4065,1872"/>
                <Baseline points="2976,1873 4065,1873"/>
                <TextEquiv>
                    <Unicode>dem Conuent des Pauliner ordens</Unicode>
                </TextEquiv>
            </TextLine>
            <TextLine id="line_1745931261591_448" custom="readingOrder {index:11;}">
                <Coords points="2988,1921 3004,1913 3072,1906 3328,1911 3449,1905 3604,1916 3686,1916 4064,1905 4064,1990 3942,1997 3761,1995 3558,2008 3012,2012 2989,2006 2984,1998"/>
                <Baseline points="2984,1973 4064,1973"/>
                <TextEquiv>
                    <Unicode>Zu Neustatt Ainen ganntzen Iar</Unicode>
                </TextEquiv>
            </TextLine>
            <TextLine id="line_1745931264688_454" custom="readingOrder {index:12;}">
                <Coords points="2970,2042 3054,2025 3462,2029 3739,2005 4078,1999 4078,2101 3744,2112 3491,2113 3359,2121 2961,2119 2958,2110 2959,2063"/>
                <Baseline points="2958,2088 4078,2088"/>
                <TextEquiv>
                    <Unicode>Zünß von dennen bey Gemainer</Unicode>
                </TextEquiv>
            </TextLine>
            <TextLine id="tl_1745912260" custom="readingOrder {index:13;}">
                <Coords points="4011,2147 4006,2127 3994,2122 3840,2118 3474,2122 3433,2126 3370,2140 3258,2136 3023,2151 2997,2155 2986,2164 2985,2229 2989,2236 2999,2240 3037,2242 3316,2241 3446,2232 3594,2237 3692,2229 3823,2237 3993,2238 4006,2230 4011,2219"/>
                <Baseline points="2985,2211 4011,2211"/>
                <TextEquiv>
                    <Unicode>Statt Wienn Anligendten Zway</Unicode>
                </TextEquiv>
            </TextLine>
            <TextLine id="tl_1745912262" custom="readingOrder {index:14;}">
                <Coords points="4027,2267 4018,2250 3996,2244 3814,2239 3667,2239 3556,2245 3441,2244 3307,2255 3024,2258 2989,2263 2974,2270 2972,2358 2979,2368 2986,2369 3286,2368 3407,2357 3552,2353 3662,2341 3828,2341 4013,2336 4023,2333 4027,2328"/>
                <Baseline points="2972,2335 4027,2335"/>
                <TextEquiv>
                    <Unicode>tausenndt gulden haubtSumma</Unicode>
                </TextEquiv>
            </TextLine>
            <TextLine id="tl_1745912257" custom="readingOrder {index:15;}">
                <Coords points="4033,2369 4030,2363 4016,2357 3628,2355 3493,2361 3417,2372 3332,2376 3231,2386 3039,2380 3004,2388 2993,2399 2988,2418 2987,2476 2991,2488 3004,2492 3395,2491 3633,2468 3723,2463 3870,2464 4024,2455 4033,2447"/>
                <Baseline points="2987,2457 4033,2457"/>
                <TextEquiv>
                    <Unicode>Benenntlichen Ainhundert fünf</Unicode>
                </TextEquiv>
            </TextLine>
            <TextLine id="tl_1745912243" custom="readingOrder {index:16;}">
                <Coords points="4022,2496 4019,2483 4005,2477 3890,2479 3735,2475 3589,2485 3452,2514 3384,2521 3164,2507 3069,2512 3031,2519 2986,2552 2983,2561 2983,2601 2985,2608 2995,2614 3190,2615 3527,2605 3686,2590 3768,2586 3891,2589 3966,2596 4005,2595 4017,2591 4022,2583"/>
                <Baseline points="2983,2580 4022,2580"/>
                <TextEquiv>
                    <Unicode>undZwaintzig gulden Reinisch</Unicode>
                </TextEquiv>
            </TextLine>
            <TextLine id="tl_1745912261" custom="readingOrder {index:17;}">
                <Coords points="4116,2670 4110,2649 4060,2631 3853,2611 3680,2610 3558,2620 3334,2619 3010,2629 2976,2633 2961,2641 2958,2651 2958,2724 2961,2739 2969,2741 3415,2740 3966,2717 4054,2717 4098,2712 4112,2706"/>
                <Baseline points="2958,2706 4116,2706"/>
                <TextEquiv>
                    <Unicode>die sich an heut verfallen vermüg</Unicode>
                </TextEquiv>
            </TextLine>
            <TextLine id="l" custom="readingOrder {index:18;}">
                <Coords points="3013,2855 3195,2852 3611,2824 3587,2746 3304,2750 3025,2768"/>
                <Baseline points="3013,2855 3195,2852 3611,2824"/>
                <TextEquiv>
                    <Unicode>seiner Quittung.</Unicode>
                </TextEquiv>
            </TextLine>
            <TextLine id="tl_1745912265" custom="readingOrder {index:19;}">
                <Coords points="3780,2770 4726,2760 4726,2920 3780,2930"/>
                <Baseline points="3780,2890 4681,2890"/>
                <TextEquiv>
                    <Unicode>Idest f. 125. s - d -</Unicode>
                </TextEquiv>
            </TextLine>
            <TextLine id="tl_1745912263" custom="readingOrder {index:20;}">
                <Coords points="2966,3114 2969,3119 2971,3148 2974,3156 2993,3169 3024,3174 3214,3178 3583,3178 3608,3172 3655,3150 3678,3136 3735,3119 3771,3114 3780,3110 3786,3102 3858,3087 3857,3036 3782,3029 3774,3024 3621,3026 3593,3023 3416,3020 3179,3009 3049,3009 3012,3014 2992,3021 2983,3029 2973,3051 2975,3058 2970,3076"/>
                <Baseline points="2966,3135 3787,3135"/>
                <TextEquiv>
                    <Unicode>Latus 155 f. - s d.</Unicode>
                </TextEquiv>
            </TextLine>
            <TextEquiv>
                <Unicode></Unicode>
            </TextEquiv>
        </TextRegion>
    </Page>
</PcGts>
