5213 3768
856 736 2108 873 Von den vierhundert viertzig gulden haubt
888 864 2063 957 Suma so Gmainer Stat auf Pauln
882 951 2066 1058 Pernnfues haus der Gundle hoff
880 1053 2045 1153 genannt verschriben Ist der Purg
861 1145 2039 1257 Recht Zinß auf weichnachtn ausga
863 1240 2036 1346 nng des acht unddreissigisten Iars
854 1335 2034 1463 Nemblich Zwenundtzwaintz gulden
884 1434 2425 1552 verfallen Idest fl 22. -
875 1750 2053 1923 Von den viertzig gulden Satz auf der vr
895 1901 2058 2007 sula des Marxn lobman Pekhennen
895 1999 2085 2113 seligen haus bey sand Iacob hinder
893 2085 2107 2205 der Maur gelegen Zwen gulden Purg
890 2189 2033 2295 Recht Zig nß auf sand Iohanns des
898 2281 2524 2412 tauffers tag verfallen Idest fl 2. -
1013 2597 1836 2919 Latus 24. γ d
3053 708 4293 884 Vom Hanns prannt Pinter von funftzig
3096 863 4322 969 gulden Purgrecht auf seinem hauß in
3089 959 4351 1057 der Syningerstraß gelogen der Stat ver
3114 1044 4391 1146 schriben den Zinß auf den tag Simons
3125 1135 4345 1241 vnd Iude des 38.ten Iars verfallene 20 s
3133 1215 4795 1335 emphanngen Idest fl 2 s 4 . -
3119 1446 4331 1586 Von den Sechsunduiertzig gulden 1 s 28 d
3134 1572 4264 1667 Satz auf Merten tribnen hauß die
3116 1660 4296 1769 18 s 14 d Zynnß auf Bertholomeii
3128 1750 4845 1882 des 38.ten Iars verfallen emphangen fl 2 s 2 d 14
3092 2014 4274 2165 Von den Sechtzig gulden so wolfganng
3125 2134 4346 2244 Meyndl an seinem haus noch schuldig
3136 2227 4366 2334 3 gulden Zinß auf sannd Michaelstag
3152 2311 4617 2428 des 38.ten Iars verfallen Idest fl 3. -
3172 2597 4244 2941 Latus 7 γ 6 s 14 d
