5239 3744
847 718 1975 861 Vom blasii Stewer hauer der di vischl
871 856 1962 955 hamerin eelich genomen straff
864 948 1971 1051 gelt fur drey tausent Ziegl emph
864 1036 1967 1152 anngen vier gulden vier schilig vmb
884 1123 2024 1241 das Er drey ganntze Iar hie geses
882 1227 2006 1331 sen als ain Purger on Purger
876 1314 1975 1426 lichen Ayd gehanndlt vnd seine
863 1410 2411 1556 Paw Mosst herein gebracht Idest fl 4 s 4. -
824 1704 2000 1856 Von niclaus lesthen wiert beim
881 1848 1946 1948 Swartzen Raben fur das es in
863 1940 2003 2061 seinem Rauchfannkh prynund
866 2036 1947 2159 worden Zu Straff vmb Zway
873 2157 1947 2269 tausennt Ziegl emphanngen
870 2244 2537 2374 drey gulden Idest fl 3 . -
875 2553 1814 2893 Latus 7. γ. 4 s d
3125 681 4410 861 Am mittich den 27 tag nouember vom
3224 858 4466 948 hanns hiemer von tyerna emphangen
3221 935 4347 1041 viertzig gulden an den hundert gulden
3214 1026 4388 1132 penfall welch vermog seiner verschr
3219 1124 4419 1221 eibung vmb das er auf genomen termin
3229 1206 4419 1311 nit Purger worden Zutzallen gewest Auf
3222 1302 4330 1399 di vorigen 40. gulden so er dem hern
3222 1386 4356 1486 Schwantzn gewesnem Chamerer auch
3224 1476 4400 1571 derhalben betzalt vnd di vbermas
3224 1566 4404 1659 als 20. γ d. haben Burgermaister
3224 1650 4976 1792 vnd Rat Ime nachgelassen Idest fl 40. -
3109 1909 4360 2102 Am 5 tag december emphangen von dem
3218 2094 4333 2180 Sigmund Moschamerin tandler in
3215 2168 4384 2267 fur das In Irem rauchfankh prynn
3226 2256 4392 2361 und worden Mer fur den vncosst der
3231 2357 4854 2527 auf di Prunst gangen 2 gld ꞩ f 7 s 2. -
3418 2615 4379 3006 Latus 47 γ - 2 s d
