5200 3752
835 693 2054 870 Von den funftzig gulden haubtgut so hern
837 860 2027 976 Ihohanns Khauffmans etc seligen Erben
837 955 2026 1066 Innhalt aines Satz schuldig Zinß von
852 1052 2037 1155 disem 38.ten Iar verfallen Zwaintzig
850 1136 2459 1259 schiling phening Idest fl 2 s 4 -
850 1398 2055 1563 Von funftzig gulden haubtgut aines Satz
871 1542 2101 1646 auf Bertlme haubitzen Erben hauß Zwai
843 1640 2113 1752 phunt vier schiling phening Zinß von disem
853 1733 2460 1828 38.ten Iar verfallen Idest fl 2 s 4 -
822 1996 2048 2164 Von funftzig gulden haubtgut so Niclauß
840 2149 2098 2253 Prenner von wegen veit Aichingens seligen
829 2238 2052 2342 der Stat schuldig Zinß von disem 38ten Iar
834 2329 2427 2480 Verfallen Zwaintzig schiling Idest fl 2 s 4
918 2562 1940 2914 Latus 7. γ. 4 s d
3082 730 4315 892 Vom Zymer im Pilgrem hauß Zwen Iar
3115 873 4311 978 Zinß so Sich auf Michaelis des 38.ten Iars
3114 947 4391 1057 geenndet acht gulden von der pangretz laderin
3124 1038 4362 1156 emphanngen welchs Zymer furter Hansen
3113 1130 4318 1232 Fuernnstain Rats dienner durch die
3113 1219 4333 1339 herrn Burgern vnd Rat Zynßtfrey
3121 1311 4856 1413 gelassen Idest fl 8. -
3093 1574 4303 1699 Vom weingarten der Moringer genannt
3131 1674 4359 1783 Zu Prunn auf Michaelis des 1538.ten Iar
3138 1765 4377 1880 verfallen vom Hannß Sutzpeckhen emph
3144 1851 4706 1981 anngen acht gulden Idest fl 8. -
3127 2033 4343 2168 Vom gartn in der lanndstraß eemals hern
3118 2152 4349 2250 Leopolden Schadner von Ime ij̸ Iar grundt
3132 2220 4366 2335 diennst 3    Ietzo Hansen wideman auff
3148 2323 4310 2436 Michaelis ditz 38.te Iars 2    verfallen
3160 2395 4885 2516 eingenomen Idest - " - d 20
3162 2599 4137 2956 Latus 16. γ. 20 d
