5255 3892
806 1566 2248 1754 Suma durch Gottes willen Ausgaben
971 1765 1738 1919 Ø 10 f s d.
3044 222 4736 651 Ausgelichen gellt
3303 612 4660 770 Anno etc im Ainvnndsibentzigisten
3183 892 4394 1072 Item den ersten tag Martii obge
3305 1035 4393 1182 melts Iars herrn Valentin Ren
3306 1143 4424 1284 ner Prugkhmaister Zw notdurfft
3298 1271 4408 1408 des Prugkhschlags auf meiner gh
3300 1392 4449 1540 herrn Burgermaister vnd Raths
3325 1509 4421 1665 beuelch vermug Ratschlags vnd
3274 1659 5016 1826 Quitung geben 200 f. s. d.
3218 2039 4473 2292 Item den fünftzehenden tag Martii
3339 2258 4372 2390 abermalln gedachtem Renner Zw
3322 2369 4436 2523 notdurfft des Prugkhschlags auf
3308 2503 4364 2651 aines Ersamen hochweisen Statt
3196 2629 5077 2801 Raths beuelch gegen Quitung Zuegestelt 200 f. s. 3 d
3077 2902 4460 3350 Latus 400 f. s. d.
