5090 4174
825 547 2014 681 vonn denen Resstierunden Sechs
817 684 1937 802 hundert vnnd Funftzig gulden
816 807 1965 921 haubtsumma so er noch auß
787 924 1945 1052 dennen Zwaytausendt gulden
827 1058 1960 1165 bei Gemainer Statt neben sei
798 1180 1969 1310 ner hausfrauen Regina säligen
808 1308 2016 1423 vmb Siben Per Cento ligent Zu
793 1440 1988 1561 ersuechen hat ainen Iar Zünß
800 1576 1970 1685 vom lesten decembris des Sech
788 1702 1940 1820 Zehenhundert vnnd drei Zehenden
814 1823 1967 1935 biß an heut verfallen benent
796 1948 1921 2071 lichen Fünfundviertzig gulden
745 2082 2009 2191 vier schilling Pfening vermüg
811 2216 2472 2398 Quittung hiebey Idest f 45 s 4 d -
684 2616 1964 2825 Eodem die Gab ich dem herrn
835 2818 2057 2948 Iacob weissen Gemainer Statt
751 3123 1833 3483 Latus Per Se.
3124 471 4197 646 Chor Caplan bey St. Steffan
3136 656 4236 761 alhie sein gewönnliche mon
3098 762 4220 890 nats besoldung an heut ver
3101 904 4242 1009 fallen benentlichen vier gul
3099 1017 4074 1146 den Reinisch Vt Quittung
3903 1145 4784 1311 Idest f. 4 s - d -
2928 1502 4233 1627 Mergedachten Lesten decembris
3102 1644 4231 1756 Zalt ich dem Herrn Maximilian
3085 1753 4257 1875 Schwanser Rom. Khay. Mayt etc
3046 1884 4265 1999 dienner vonn denen Achthundert
3104 1989 4218 2116 gulden haubtsumma So weil
3062 2121 4191 2239 lendt herr wolffganng Prä
3058 2237 4247 2363 mer etwa des Innern Raths alhie
3065 2374 4216 2484 seelliger den Sechsten Tag Martii
3041 2492 4185 2608 des Aintausendt Fünfhundert
3040 2612 4183 2727 dreyundneuntzigisten Iars gegen
3066 2729 4211 2861 Sechs Per Cent bei Gemainer
2903 3114 3990 3435 Latus per Se.
