5063 3950
801 366 2035 516 Meiner genedigen herrn schrifftlichen Beuelch
794 528 2030 652 denen herrn Commisarien herrn Bärtlme
800 665 1994 796 Pranndtner vnnd Geörgen Furssten bede
808 817 2051 938 des Innern Stat Raths Ain Silbern vergults
795 953 2036 1085 drinckhgeschierr hat gewögen Zwelf Loth
806 1095 2062 1208 vnnd Inn gelt darumben betzalt Funftzehen
793 1221 2072 1347 gulden Zwelf khreützer das Sy solchen herrn
790 1353 2038 1466 Iohann Schäffler des Wüerdtigen Gotts
805 1476 2046 1605 hauß Closterneuburg grundtschreiben Auf
789 1605 2084 1732 sein hochtzeitliche freüdt Inn Namen gemainer
796 1744 2005 1875 Stat Wienn verehren sollen die Ich hiemit
787 1783 2502 2015 Inn die Außgab stellen Thue Idest f. 15 s. 1 d. 18
761 2167 2025 2314 Item den vierten Tag Maii Anno etc dreivnnd
797 2316 2089 2429 achtzigisten gab Ich auch denen Herrn Caspar
815 2437 2005 2557 Sturmb vnnd Christof Rappen Bede des
808 2572 2026 2698 Innern Stat Raths Ain gulden Pfening mit
811 2709 2033 2833 gemainer Stat Wienn Wappen hat gewögen
814 2840 2032 2997 vier ducaten Thuet Siben gulden Reinisch
518 3120 1321 3484 Latus per se.
3020 306 4205 460 das Sy dennselben der Khr. Mt. etc. Mathias
3017 476 4193 615 Zw Össterreich etc vnnsers genedigisten herrn
3024 634 4209 758 Rath vnnd Pfenningmaisters herrn Osster
3030 756 4260 894 mairs verwalter danieln Schleckers Auf
3016 911 4249 1050 sein hochtzeitliche freüdt Inn Namen gemai
3034 1057 4293 1191 ner Stat Presentiert vnnd überantwort haben
3007 1192 4875 1363 Laut schrifftlichen Beuelch hiebei Idest f. 7. s - d -
2966 1510 4274 1699 Item so gab Ich denen verorndten Herrn Commis
3008 1677 4328 1820 sarien den Aindlifften Tag Maii Anno etc 83ten
3017 1801 4229 1939 Herrn Hannß Seissen vnnd Christof Rappen
3019 1926 4231 2074 bede des Innern Stat Raths Auf schrifftlichen
3028 2084 4269 2225 beuelch hiebei Ain gulden Pfening von vier
3018 2230 4252 2369 ducaten schwär mit Gemainer Stat Wap
3019 2354 4236 2492 pen das Sy dennselben Inn Namen Aines
3014 2488 4249 2636 Edlen hochweisen Sta Raths dem Edlen vnd
3028 2632 4306 2801 Ehrnuessten herrn Anndree Prudenetri der
