5050 3961
801 351 2012 493 vnnd Hofmarschalch von gemainer Statt
801 508 2015 639 Wienn Wegen Zuuerehren Laut schrifft
797 659 2021 795 lichen Beuelch dessen datum den Neün
803 802 2036 938 vnndzwaintzigisten Tag Iunii diß drei
803 949 2093 1074 vnndachtzigisten Iars hiebei Aus Mei
804 1078 2075 1209 nem Kheller verkhaufft Thuet Inn gelt
794 1221 2021 1351 Sechsvnndfunftzig Pfundt Zwen schil
804 1351 2069 1496 ling Pfenning Welche Summa Ich also völ
808 1512 2041 1632 lig Aus dem Ober Camer ambt empfanngen
807 1635 2025 1764 vnnd eingenumen die Ich also hiemit In
795 1702 2511 1914 die Außgab ein söllen Thue Idest f. 56 s. 2. d -
783 2114 2034 2271 Item den gedachten Letzten Tag Iunii gab
814 2268 2069 2403 Ich dem Marx Khornn Plains burger vnd
819 2405 2013 2538 goldtschmidt Alhie Wegen das Er ge
813 2532 2057 2668 mainer Stat Wienn Wappen Inn etliche
806 2675 2060 2806 Silbrene vnnd vergulte Trinckhgeschierr
815 2807 2013 2948 gemacht für Macherlon Silber vnnd
570 3006 1421 3439 Latus per se.
2979 347 4218 479 vergulten Welche Pecher verehrt worden
2981 495 4218 618 Laut seiner Quittung Siben gulden Zwen
2961 602 4838 785 schilling funftzehen Pfening Idest f. 7 s. 2. d. 15
2906 989 4225 1156 Item Nachdem Am viertzehenten Tag diß
2958 1139 4239 1262 Monnats Iulii Anno etc. dreivndachtzigisten
2976 1252 4252 1376 das Pantäding Im obern wördt dem Alten
2996 1365 4174 1498 gebrauch nach durch herrn Burgermai
2994 1493 4197 1628 ster vnnd Rath gehalten worden vnnd nach
3004 1614 4193 1761 verrichtung solches die Burgerschafft da
3003 1749 4166 1874 selbst meinen genedigen herrn Zw ehren
2988 1869 4176 1999 Ain Collation oder Mall Zeit Auf Iren
2978 1996 4202 2129 Aignen vncossten Zuegericht vnnd geben gab
2986 2128 4202 2268 Ich auf herrn Burgermaisters Mündt
2995 2261 4201 2394 lichen Beuelch Zum Trünckhgelt Inn die
2983 2399 4189 2534 Khuchel Zwen Taler der Manngin so die
2985 2530 4204 2672 Müehe gehabt die Ich hiemit Inn die
2988 2628 4823 2829 Außgab einstellen Thue Idest f. 2. s. 2. d. 20.
2775 2928 4274 3370 Latus 9 f. 5 s. 5. d.
