5037 3931
3138 398 3944 923 Ausgab ./.
2914 1077 4311 1415 Auf Schannckhung Vnnd ver
3455 1395 3775 1498 ehrung ./.
2908 1669 4190 1819 Item den Sechtzehenten Tag Ianuarii Anno etc.
2995 1816 4251 1943 drei vnndachtzigisten gab Ich dem herrn Bene
2973 1938 4243 2072 dict Bego doctor Auf sein hochtzeitliche freidt
2987 2078 4206 2207 Inn Namen gemainer Stat Wienn Auf herrn
2974 2205 4220 2346 Burgermaister vnnd Raths Beuelch Ain gulden
2977 2349 4240 2485 Pfenning von vier ducaten schwär Thuet Inn Müntz
2964 2468 4827 2632 Siben gulden Reinisch Idest f. 7. s. - d -
2923 2816 4192 2995 Item Neuntzehenten Tag Ianuarii gab Ich dem
2836 3062 3727 3524 Latus per se.
