5086 3979
762 501 2047 643 Den Letzten ditz gab Ich denen Statgerichts
805 657 2075 781 dienern Inn Namen gemainer Stat dem Alten
789 792 2058 940 gebrauch nach Zum Neuen Iar Zwen gulden
803 902 2522 1097 vt Quittung Idest f. 2. s. d -
753 1383 2051 1539 Eodem die gab Ich denen Thürhüetern bei der
785 1539 2125 1677 hochlöblichen Regierung Geörgen Sibenbürger
777 1690 2087 1814 vnnd Matheus Singer Inn Namen gemainer
782 1812 2014 1951 Stat Zum Neuen Iar für Ir bemüehung Wie
782 1967 2039 2106 gebreüchig Sechs gulden Laut Irer Quit
778 2046 2497 2234 tung Idest f. 6. s - d -
706 2554 2020 2694 Eodem die Item so gab Ich ain em viertl Poten
798 2708 2106 2830 vnnderm Wienner Waldt Ain gulden Reinisch
789 2842 2025 2986 Zum Neuen Iar Auf diß Iar Wegen das
639 3077 2053 3419 Latus 8 f - s - d.
3029 247 4287 383 Er sich Inn gemainer Stat für fallenden Poten
3027 375 4197 512 sachen durchs Iar für Anndere gebrauchen
3010 486 4858 672 lest vt Quittung Idest f. 1. s - d -
2983 912 4300 1085 Item den Sibenten Tag diß Monats Ianuarii
3039 1065 4266 1199 Anno etc viervnndachtzigisten Iars gab Ich
3026 1183 4202 1354 auf schrifftlichen Beuelch herrn Burger
3044 1341 4233 1490 maister vnnd Rath denen von Rats Wegen
3052 1478 4235 1623 verornndten herrn Commisarien Ain
3045 1604 4250 1758 gulden Pfening von vier vnngerischen du
3050 1742 4258 1885 caten schwär das Sie dennselben dem Ehrn
3044 1889 4261 2029 uessten Wolgelerten herrn Magister Annd
3052 2023 4285 2167 reen Gässtl Auf sein hochtzeitliche freidt
3040 2157 4245 2318 verehren sollen Thuet Inn gelt Siben gulden
3033 2297 4253 2458 Zwen schilling Zwaintzig Pfening Laut ge
3007 2406 4866 2595 schäfftl hiebei Idest f. 7. s. 2. d. 20.
2994 2730 4237 2975 Eodem die gab Ich gleichfals Auf beuelch
3023 3042 4194 3352 Latus 8. f. 2. s. 20. d
