5043 3938
797 349 2053 492 Hannß Rosenperger viertl Rotten Ain gulden
808 497 2038 625 so man Ime Iärlichen Aus dem Ober Camer Ambt
801 618 2532 811 Pflegt Zugeben vt Quittung Idest f. 1. s. - d -
747 998 2014 1158 Item den Sechtzehenten Tag Aprillis gab Ich
787 1149 1993 1316 dem veith Paumgartner gewesten Wachter
811 1308 2032 1422 Inn Sannct Steffans Thurnn Auf sein Sup
801 1438 2016 1565 pliciern vnnd erlanngten Ratschlag dessen
805 1579 2015 1710 datum den Aindtlifften Tag Aprillis Anno etc
794 1723 2041 1856 drei vnnd achtzigisten hiebei Zw etwas ergetz
793 1872 2051 1999 ligkhait vnnd Abfertigung seiner Lanngwüer
801 2011 2049 2148 digen getrauen diennst Zehen Pfunndt Pfe
801 2108 2506 2301 ning vt Quittung Idest f. 10. s - d -
762 2485 2023 2641 Item den dreißigisten Tag Aprillis Nach dem
810 2640 2002 2772 der Ehrwürdtig vnnd Wolgelert herr Io
780 2779 2004 2930 hannes Werrnner Ainen Edlen hochweisen
793 3041 2009 3280 Latus 11. f. - s - d
3002 387 4317 524 Statt Rath meine genedige herrn Auf Resst Georgi
3006 531 4307 653 Zw seiner Prinnitzen so er Inn vnnser Lieben Fraw
2994 659 4254 793 Gotthauß auf der Gotten Zuhalten ange
2990 789 4229 921 stelt ordentlich Berueffen vnnd ged geladen
2982 928 4246 1058 demnach wolgedachte Meine genedige herrn
3000 1070 4268 1191 mir schrifftlichen beuelichen Ime herrn Werrner
2983 1187 4223 1339 Auf sein Prinnitzen Ain gulden Pfening mit
2989 1340 4256 1458 gemainer Statt Wappen von vier ducaten schwär
2998 1474 4225 1589 machen lassen vnnd denen herrn dartzue de
2992 1594 4208 1733 putierten Commisarien Geörgen Fürssten
2985 1734 4247 1864 vnnd herrn Paulln Steyrer bede des Innern Stat
2966 1854 4185 1993 Raths Zum überantworten Zuegestöllen dem
2973 1991 4260 2129 Ich also nach khumen Thue die vier ducaten deren
2973 2117 4134 2254 Ieden Zw Ainhundert vnnd Zehen Khreützern
2965 2256 4242 2393 Inn Müntz Nemblichen Siben gulden Zwen schil
2962 2391 4283 2551 ling Zwaintzig Pfening Laut geschafftl hiebei
3874 2525 4787 2691 Idest f. 7. s. 2. d. 20.
2995 2851 4132 3009 Eodem die gab Ich gleichsfals Auf
2783 3099 3628 3491 Latus per se.
