5025 3945
752 368 2083 540 Item den Ersten Tag Augustii Zalt Ich hannsen
793 546 2090 682 Hartman Registrator bei der N.Ö. Camer
793 675 2061 821 wegen des Bestanndtbriefs des Kaiserlichen
793 821 2022 960 vngelts so von Neuem Auf Sechs Iar lang
796 966 2083 1115 von högstgedachter Kaiserlichen Maiestet etc
794 1124 2081 1248 gemainer Stat Wienn Bestanndtweis Angenum
804 1252 2005 1376 men Zw schreibung vnnd Zufertigen Zw
793 1378 2061 1508 Ainer verehrunng Inn die Canntzlei Sechs
802 1444 2522 1674 gulden vt Quittung Idest f. 6. s. - d -
728 1839 2046 2019 Den viervnndzwaintzigisten ditz Gab Ich
814 2031 2032 2153 herrn doctor Ehehambts gemainer Stat
816 2165 2053 2290 Wienn Bestelten Aduocaten Sollicitatorn
819 2315 2040 2436 vnndschreibern Wegen gemainer Stat Wien
819 2439 2024 2579 schwebender Rechtsachen dar Innen Sie sich
830 2595 2004 2720 mit schreiben vnnd Sollicitiern bemüehet
830 2720 2073 2878 haben Zum drinckhgelt dem gebrauch nach
749 3010 1517 3443 Latus per se.
2972 346 4212 505 Auf drey verthanen Iar Nemblichen drey
2971 482 4780 654 gulden vt Quittunng Idest f. 3. s - d -
2947 858 4240 1056 Item den Letzten ditz Nachdem Ich auf
2970 1027 4200 1197 schrifftlichen Beuelch herrn Burgermai
2969 1174 4189 1323 ter vnnd Raths meiner genedigen herrn
2984 1300 4216 1462 dreißig Ain halben Emer heyrigen Wein
2987 1441 4198 1595 Ieden per Zwantzig schilling Pfening vom
2976 1588 4197 1730 herrn Christof huetstockher des Innern
2984 1705 4180 1865 Stat Raths erkhaufft welchen Ich auf
3002 1859 4203 2003 gemelten Beuelch dem Edlen gestren gen
2998 1992 4210 2148 vnnd hochgelerten herrn Sigmunden Viech
2985 2138 4177 2283 heüser beder Rechten doctor der Rö. Kay.
2988 2276 4147 2422 Mt. etc vnnsers Aller genedigisten herrn
2983 2401 4129 2563 Ren hs hof vier Canntzler halben Thail
2984 2553 4179 2699 dann den Anndern halben Thaill Inn An
2982 2688 4198 2854 högstgedachter Irer Mt. etc. Puechhalter
2769 2950 3699 3399 Latus per se.
