5240 4198
808 636 1923 755 Von ihren anligendten
813 758 1990 859 3000 f. daß den 10ten diß
808 862 2009 982 Verfallene Iahrs Intee.
820 868 2624 1096 mit 150 f. - kr
838 1238 2089 1421 Dem Löblichen Kay. Convict
841 1422 1966 1526 alhier Von 200 f. daß
849 1529 1999 1631 den 19 Maii verfallene ain
803 1605 2634 1773 iahrs Intee. mit 10 f " - " -
814 1915 2055 2112 Abermahlen dem Löblichen
865 2125 1993 2227 Collegio Soc. Iesu alhier Von
853 2224 2074 2328 anligenten 1000 f. daß den
851 2332 2029 2420 Letzten Maii 722. verfallene
834 2406 2653 2558 ain Iahrs Intee. mit 50 f " - " -
900 2715 2075 2871 Den 15. dito |:titl:| Frau
882 2879 2030 2969 Frauen Gräffin Von
866 2973 2078 3066 Finff Kierchen Von ihren
885 3070 2083 3176 6000 f. daß den 9. diß ver
883 3112 2661 3264 fallene Iahrs Intee. mit 300 f " - " -
918 3268 1978 3374 N. dißes Cap. gehörete in die banco
918 3354 1283 3432 Rechnung
1956 3247 2664 3464 510 f " - kr
3173 554 4343 766 Den 16. dito |:titl:| H.
3138 740 4351 876 Graffen Von Trautsohn
3128 829 4307 954 Von 506 f. 25 kr daß
3151 955 4326 1060 den 4 Maii verfallene ain
3117 1050 5033 1190 iahrs Intee. mit 25 f. 19 " 1 d
3127 1335 4330 1499 Ingleichen Von 404 f.
3151 1494 4369 1606 48 kr. daß den 7 feb.
3162 1602 4310 1700 diß iahrs Verfallen gweste
3142 1707 4991 1838 iahrs Intee. mit 20 f. 12 kr
3178 1964 4268 2121 Den 20. dito dem Herrn
3156 2125 4311 2225 Kierchenmaister bey St. Sephan
3133 2218 4327 2322 Von 400 f. daß anheundt
3129 2318 5072 2442 Verfallene iahrs Intee. mit 20 f " - " -
3153 2617 4483 2745 Dan Von anligenten 1000 f.
3158 2742 4325 2840 daß den 15ten diß verfal
3148 2841 5086 2965 lene iahrs Intee. mit 50 f " - " -
3066 3125 4329 3333 Dem Gregorio Hess Von
4229 3315 5073 3431 115 f " 31 kr. 1 d
