5217 4198
846 627 1971 762 Zucht Hauß von denen
840 772 1995 868 erhöbten 1500 f. daß biß
825 874 1988 969 anheunt auf 11 Monnath
810 857 2614 1081 Verfallene Intee. mit 68 f. 45 kr
825 1293 2099 1434 Den 12. dito denen Kierchen
813 1431 2020 1539 Vättern Zu St. Veith von
840 1542 2055 1635 anligenten 200 f. daß an
820 1631 2037 1750 heunt verfallene Iahrs intee.
835 1742 2591 1856 mit 10 f " - " -
840 2020 2183 2173 Dito der Maria Anna Winkh
827 2171 2053 2270 lerin Von 1000 f. daß den
865 2265 2134 2375 15 Maii verfallene Intee. auf
819 2361 2624 2514 ain Iahr mit 50 f " - " -
870 2694 2058 2854 Den 13. dito dem Löblichen
881 2853 2019 2947 Collegio Soc. Jesu alhier Von
880 2944 2032 3049 500 f. daß den Lezten Maii
886 3047 2056 3148 722. Verfallene ain Iahrs
840 3104 2638 3278 Intee. mit 25 f. - " -
1956 3220 2636 3450 153 f. 45 kr
3109 575 4255 765 Denen P. P. Serviten Von
3094 726 4323 877 ihren 2000 f. daß biß 2ten
3098 862 4286 986 diß auf ain halbes iahr ver
3045 940 4986 1102 fallene Intee. mit 50 f. - kr
3072 1271 4286 1438 Ingleichen Von 1000 f.
3105 1431 4287 1532 daß den 2ten diß ver
3086 1511 5043 1654 fallene ½ Iahrs Intee. 25 f " - " -
3121 1815 4314 2004 Dem Herrn Franz Antoni
3106 1976 4427 2109 Prenner von seinen 2000 f.
3126 2103 4314 2215 daß den 13ten diß Ver
3104 2200 5048 2342 fallene Iahrs Intee. mit 100 f " - " -
3128 2538 4339 2732 Der Frauen Anna Eva
3110 2725 4284 2847 Püxenmaisterin Von
3126 2816 4315 2939 ihren 5000 f. daß den 24.
3128 2912 4316 3030 Maii 722. verfallene Iahrs
3109 3007 5057 3131 Intee. 250 f. - " -
3103 3197 4327 3390 Item Zalte ich der selben
4178 3347 4998 3487 425 f. - kr
