<?xml version="1.0" encoding="UTF-8" standalone="yes"?>
<PcGts xmlns="http://schema.primaresearch.org/PAGE/gts/pagecontent/2013-07-15">
    <Metadata>
        <Creator>prov=READ-COOP:name=PyLaia@TranskribusPlatform:version=2.27.0:model_id=364005:lm=provided:date=09_07_2025_11:16</Creator>
        <Created>2025-07-03T12:03:51.631+02:00</Created>
        <LastChange>2025-08-28T14:23:57.101+02:00</LastChange>
        <TranskribusMetadata docId="9350596" pageId="99894732" pageNr="276" status="GT" userId="261754" imgUrl="https://files.transkribus.eu/Get?id=MAXGFCIIPMIRJYINOIUKTZBQ&amp;fileType=view" imageId="83781452"/>
    </Metadata>
    <Page imageFilename="99894732.tif" imageWidth="5170" imageHeight="4197">
        <TextRegion id="region_151704197" custom="readingOrder {index:0;}">
            <Coords points="0,0 2585,0 2585,4197 0,4197"/>
            <TextLine id="tl_1751976845" custom="readingOrder {index:0;}">
                <Coords points="785,729 786,748 791,754 847,762 1714,761 1963,750 2029,743 2037,737 2037,680 2033,675 2017,672 1833,667 1749,658 1287,668 1157,648 1131,639 1062,627 1038,615 973,610 928,613 878,626 864,641 834,649 822,672 797,680 789,687"/>
                <Baseline points="785,724 2037,724"/>
                <TextEquiv>
                    <Unicode>Winterin Von ihren anli</Unicode>
                </TextEquiv>
            </TextLine>
            <TextLine id="tl_1751976846" custom="readingOrder {index:1;}">
                <Coords points="760,765 2053,765 2053,865 760,865"/>
                <Baseline points="760,840 2053,840"/>
                <TextEquiv>
                    <Unicode>genten 3000 f. daß biß 12ten</Unicode>
                </TextEquiv>
            </TextLine>
            <TextLine id="tl_1751976849" custom="readingOrder {index:2;}">
                <Coords points="782,873 1976,873 1976,981 782,981"/>
                <Baseline points="782,954 1976,954"/>
                <TextEquiv>
                    <Unicode>diß Verfallene ½ iährige</Unicode>
                </TextEquiv>
            </TextLine>
            <TextLine id="tl_1751976874" custom="readingOrder {index:3;}">
                <Coords points="2598,979 2570,978 2545,986 2507,982 2200,998 1858,1005 873,993 808,1000 788,1008 784,1087 792,1106 814,1114 926,1122 1846,1123 2269,1112 2416,1094 2480,1080 2511,1063 2547,1056 2597,1020"/>
                <Baseline points="784,1087 2559,1087"/>
                <TextEquiv>
                    <Unicode>Intee. mit 75 f - " -</Unicode>
                </TextEquiv>
            </TextLine>
            <TextLine id="tl_1751976853" custom="readingOrder {index:4;}">
                <Coords points="783,1395 785,1435 799,1438 1174,1438 1346,1434 1817,1436 1903,1432 1958,1425 1964,1419 1964,1365 1961,1357 1913,1340 1772,1316 1607,1314 1440,1299 1306,1304 1208,1294 1126,1292 1043,1298 944,1326 833,1343 786,1363"/>
                <Baseline points="783,1400 1964,1400"/>
                <TextEquiv>
                    <Unicode>Der Frauen Maria Barbaræ</Unicode>
                </TextEquiv>
            </TextLine>
            <TextLine id="tl_1751976870" custom="readingOrder {index:5;}">
                <Coords points="801,1436 2065,1436 2065,1539 801,1539"/>
                <Baseline points="801,1511 2065,1511"/>
                <TextEquiv>
                    <Unicode>Göbhardtin Von 2000 f. das</Unicode>
                </TextEquiv>
            </TextLine>
            <TextLine id="tl_1751976868" custom="readingOrder {index:6;}">
                <Coords points="804,1541 2015,1541 2015,1636 804,1636"/>
                <Baseline points="804,1610 2015,1610"/>
                <TextEquiv>
                    <Unicode>biß 27. diß Verfallene halb</Unicode>
                </TextEquiv>
            </TextLine>
            <TextLine id="tl_1751976851" custom="readingOrder {index:7;}">
                <Coords points="2594,1608 2545,1611 2516,1620 1951,1643 870,1643 796,1651 784,1658 779,1749 782,1766 806,1769 1790,1768 2297,1752 2407,1739 2466,1723 2494,1703 2537,1693 2594,1642"/>
                <Baseline points="779,1731 2545,1731"/>
                <TextEquiv>
                    <Unicode>iährige Intee. mit 50 f - " -</Unicode>
                </TextEquiv>
            </TextLine>
            <TextLine id="tl_1751976852" custom="readingOrder {index:8;}">
                <Coords points="816,2032 816,2079 821,2086 834,2088 1962,2088 2002,2094 2012,2084 2003,1994 1992,1987 1910,1960 1848,1949 1669,1939 1592,1941 1476,1959 1392,1960 1342,1952 1311,1937 1266,1923 1175,1925 1092,1941 977,1977 862,1999 822,2014"/>
                <Baseline points="816,2046 2005,2046"/>
                <TextEquiv>
                    <Unicode>Der Löblichen Rosenkhranz</Unicode>
                </TextEquiv>
            </TextLine>
            <TextLine id="tl_1751976860" custom="readingOrder {index:9;}">
                <Coords points="825,2095 1990,2095 1990,2191 825,2191"/>
                <Baseline points="825,2167 1990,2167"/>
                <TextEquiv>
                    <Unicode>bruederschafft bey denen</Unicode>
                </TextEquiv>
            </TextLine>
            <TextLine id="tl_1751976866" custom="readingOrder {index:10;}">
                <Coords points="836,2193 2053,2193 2053,2287 836,2287"/>
                <Baseline points="836,2262 2053,2262"/>
                <TextEquiv>
                    <Unicode>P. P. Dominicanern von 1000 f.</Unicode>
                </TextEquiv>
            </TextLine>
            <TextLine id="tl_1751976842" custom="readingOrder {index:11;}">
                <Coords points="2598,2235 2526,2263 2488,2258 1919,2297 894,2295 835,2300 818,2307 816,2378 820,2395 828,2400 1899,2402 2260,2397 2401,2378 2460,2365 2488,2350 2528,2340 2598,2277"/>
                <Baseline points="816,2366 2538,2366"/>
                <TextEquiv>
                    <Unicode>1 I. bis 17. diß mit 50 f - " -</Unicode>
                </TextEquiv>
            </TextLine>
            <TextLine id="tl_1751976848" custom="readingOrder {index:12;}">
                <Coords points="821,2669 823,2717 832,2723 861,2725 1642,2723 1884,2711 1934,2704 1942,2696 1942,2661 1935,2646 1910,2636 1891,2621 1818,2599 1768,2595 1652,2601 1605,2598 1527,2583 1388,2570 1353,2563 1320,2549 1284,2542 1154,2544 1064,2556 970,2589 870,2616 857,2628 825,2645"/>
                <Baseline points="821,2677 1942,2677"/>
                <TextEquiv>
                    <Unicode>Den Ioseph Mitterstiller</Unicode>
                </TextEquiv>
            </TextLine>
            <TextLine id="tl_1751976865" custom="readingOrder {index:13;}">
                <Coords points="2049,2731 2024,2723 1977,2716 1726,2719 1472,2728 884,2733 843,2737 831,2742 829,2813 845,2815 1768,2815 1961,2810 2013,2805 2048,2795"/>
                <Baseline points="829,2788 2029,2788"/>
                <TextEquiv>
                    <Unicode>von seinen 2800 f. daß den</Unicode>
                </TextEquiv>
            </TextLine>
            <TextLine id="tl_1751976875" custom="readingOrder {index:14;}">
                <Coords points="836,2819 1992,2819 1992,2917 836,2917"/>
                <Baseline points="836,2891 1992,2891"/>
                <TextEquiv>
                    <Unicode>8ten diß auf ½ iahr Ver</Unicode>
                </TextEquiv>
            </TextLine>
            <TextLine id="tl_1751976863" custom="readingOrder {index:15;}">
                <Coords points="2601,2871 2580,2850 2415,2887 1951,2924 863,2915 805,2926 806,2931 789,2939 780,2952 778,2984 790,3010 828,3029 2047,3030 2299,3015 2418,3002 2439,2994 2461,2975 2499,2963 2601,2902"/>
                <Baseline points="778,2996 2506,2996"/>
                <TextEquiv>
                    <Unicode>fallene Intee. mit 70 f - " -</Unicode>
                </TextEquiv>
            </TextLine>
            <TextLine id="tl_1751976847" custom="readingOrder {index:16;} unclear {offset:23;length:4;}">
                <Coords points="772,3305 773,3323 779,3333 798,3339 1676,3341 1982,3336 2028,3330 2046,3320 2049,3218 2043,3206 2028,3201 1931,3191 1594,3184 1286,3166 1021,3168 873,3209 851,3226 825,3235 806,3261 778,3279"/>
                <Baseline points="772,3295 2049,3295"/>
                <TextEquiv>
                    <Unicode>Dem Herrn Augustin Fraussin</Unicode>
                </TextEquiv>
            </TextLine>
            <TextLine id="line_1752051517125_716" custom="readingOrder {index:17;}">
                <Coords points="2072,3373 2091,3369 2125,3368 2149,3363 2187,3361 2215,3355 2246,3353 2320,3336 2340,3328 2378,3318 2401,3306 2442,3294 2461,3285 2463,3276 2482,3262 2505,3254 2521,3244 2552,3236 2570,3237 2587,3241 2597,3268 2599,3319 2595,3341 2588,3350 2565,3368 2531,3383 2453,3407 2380,3435 2316,3453 2283,3457 2184,3458 2122,3456 2072,3451"/>
                <Baseline points="2072,3401 2599,3401"/>
                <TextEquiv>
                    <Unicode>245 f. - kr</Unicode>
                </TextEquiv>
            </TextLine>
            <TextEquiv>
                <Unicode>Winterin Von ihren anli
genten 3000 f. daß biß 12ten
diß Verfallene ½ iährige
Intee. mit 75 f - " -
Der Frauen Maria Barbaræ
Göbhardtin Von 2000 f. das
biß 27. diß Verfallene halb
iährige Intee. mit 50 f - " -
Der Löblichen Rosenkhrantz
bruederschafft bey denen
P. P. Dominicanern von 1000 f.
1 I. bis 17. diß mit 50 f - " -
Den Ioseph Mitterstiller
von seinen 2800 f. daß den
8ten diß auf ½ iahr Ver
fallene Intee. mit 70 f - " -
Dem Herrn Augustin Fraussin
245 f. - kr</Unicode>
            </TextEquiv>
        </TextRegion>
        <TextRegion id="region_251704197" custom="readingOrder {index:1;}">
            <Coords points="2585,0 5170,0 5170,4197 2585,4197"/>
            <TextLine id="tl_1751976841" custom="readingOrder {index:0;}">
                <Coords points="4300,628 4293,621 4224,601 4140,598 4022,601 3835,616 3691,612 3653,615 3494,655 3410,667 3343,669 3238,661 3175,662 3132,668 3089,681 3086,753 3089,759 3101,761 3433,761 3900,726 4175,718 4226,711 4267,693 4272,671"/>
                <Baseline points="3086,718 4272,718"/>
                <TextEquiv>
                    <Unicode>Von seinen 500 f. Capital</Unicode>
                </TextEquiv>
            </TextLine>
            <TextLine id="tl_1751976854" custom="readingOrder {index:1;}">
                <Coords points="4175,777 4172,769 4158,765 4045,752 3797,751 3581,764 3430,781 3375,784 3174,786 3137,791 3107,800 3101,805 3098,815 3089,890 3488,863 3791,853 3956,837 4123,832 4163,827 4174,821"/>
                <Baseline points="3098,835 4175,835"/>
                <TextEquiv>
                    <Unicode>daß anheunt Verfallene</Unicode>
                </TextEquiv>
            </TextLine>
            <TextLine id="tl_1751976858" custom="readingOrder {index:2;}">
                <Coords points="5008,909 4945,893 4921,885 4701,857 4028,858 3612,867 3223,889 3088,905 3071,917 3071,992 3077,1003 3714,1005 4128,994 4381,976 4576,972 4722,952 4884,943 5002,934"/>
                <Baseline points="3071,968 4951,968"/>
                <TextEquiv>
                    <Unicode>iahrs Intee. mit 25 f - " -</Unicode>
                </TextEquiv>
            </TextLine>
            <TextLine id="tl_1751976850" custom="readingOrder {index:3;}">
                <Coords points="3090,1288 3093,1299 3106,1304 3432,1305 3684,1286 3951,1285 4203,1271 4263,1257 4274,1249 4308,1185 4272,1176 4254,1172 4129,1165 4049,1154 3989,1154 3884,1167 3831,1166 3779,1158 3759,1147 3718,1135 3671,1127 3610,1122 3517,1126 3415,1143 3320,1171 3249,1205 3102,1235 3093,1244"/>
                <Baseline points="3090,1257 4275,1257"/>
                <TextEquiv>
                    <Unicode>Den Ersten Iunii Zalte ich</Unicode>
                </TextEquiv>
            </TextLine>
            <TextLine id="tl_1751976859" custom="readingOrder {index:4;}">
                <Coords points="4269,1316 4265,1305 4216,1291 4103,1289 3654,1294 3437,1309 3406,1316 3322,1324 3174,1320 3131,1327 3114,1341 3091,1349 3084,1362 3084,1399 3088,1406 3099,1408 3620,1408 3771,1396 4214,1377 4260,1372 4268,1367"/>
                <Baseline points="3084,1376 4269,1376"/>
                <TextEquiv>
                    <Unicode>dem Herrn Ioan Amour de Sorria</Unicode>
                </TextEquiv>
            </TextLine>
            <TextLine id="tl_1751976856" custom="readingOrder {index:5;}">
                <Coords points="4236,1424 4231,1411 4152,1403 4053,1403 3579,1421 3421,1432 3131,1428 3079,1435 3067,1440 3066,1500 3069,1505 3530,1506 3737,1495 3940,1492 4015,1486 4226,1456 4235,1450"/>
                <Baseline points="3066,1478 4236,1478"/>
                <TextEquiv>
                    <Unicode>Von seinen anligendten</Unicode>
                </TextEquiv>
            </TextLine>
            <TextLine id="tl_1751976844" custom="readingOrder {index:6;}">
                <Coords points="4279,1504 4272,1494 4218,1483 4112,1483 3913,1496 3711,1500 3576,1509 3275,1519 3152,1527 3092,1536 3083,1543 3082,1581 3085,1594 3095,1596 3707,1596 4055,1580 4219,1579 4262,1575 4277,1570 4280,1565"/>
                <Baseline points="3082,1567 4280,1567"/>
                <TextEquiv>
                    <Unicode>4000 f. daß den 30ten Maii</Unicode>
                </TextEquiv>
            </TextLine>
            <TextLine id="tl_1751976873" custom="readingOrder {index:7;}">
                <Coords points="4975,1650 4941,1634 4833,1619 4736,1586 4664,1579 3158,1606 3068,1618 3063,1628 3065,1698 3081,1708 3172,1719 3989,1718 4195,1708 4385,1688 4917,1672 4969,1669"/>
                <Baseline points="3063,1684 4956,1684"/>
                <TextEquiv>
                    <Unicode>Verfallene Iahrs Intee. per 200 f " - " -</Unicode>
                </TextEquiv>
            </TextLine>
            <TextLine id="tl_1751976855" custom="readingOrder {index:8;}">
                <Coords points="3073,2052 3075,2067 3081,2074 3100,2076 3369,2076 3652,2070 3793,2061 3952,2066 4035,2060 4158,2059 4208,2053 4252,2041 4255,1985 4253,1979 4240,1975 4129,1961 3920,1964 3851,1956 3781,1937 3729,1929 3546,1927 3449,1940 3389,1954 3303,1960 3121,1994 3089,2004 3076,2012"/>
                <Baseline points="3073,2038 4255,2038"/>
                <TextEquiv>
                    <Unicode>Den 2. dito dem alhieigen</Unicode>
                </TextEquiv>
            </TextLine>
            <TextLine id="tl_1751976876" custom="readingOrder {index:9;}">
                <Coords points="4236,2102 4223,2094 4065,2076 3922,2079 3757,2076 3658,2081 3414,2080 3168,2085 3141,2088 3136,2093 3108,2101 3099,2107 3098,2176 3577,2178 3847,2163 4099,2156 4232,2137 4236,2133"/>
                <Baseline points="3098,2151 4236,2151"/>
                <TextEquiv>
                    <Unicode>Zucht Hauß Von denen</Unicode>
                </TextEquiv>
            </TextLine>
            <TextLine id="tl_1751976872" custom="readingOrder {index:10;}">
                <Coords points="4290,2178 4267,2174 4258,2170 4219,2166 3939,2169 3541,2192 3199,2204 3103,2217 3100,2221 3100,2268 3103,2272 3779,2273 4235,2245 4289,2238"/>
                <Baseline points="3100,2244 4269,2244"/>
                <TextEquiv>
                    <Unicode>erhöbten 1500 f. Capital daß</Unicode>
                </TextEquiv>
            </TextLine>
            <TextLine id="tl_1751976862" custom="readingOrder {index:11;}">
                <Coords points="4286,2288 4265,2276 4244,2272 4068,2271 3550,2282 3176,2296 3112,2304 3107,2310 3107,2357 3111,2364 3123,2367 4013,2367 4177,2356 4257,2344 4285,2336"/>
                <Baseline points="3107,2343 4269,2343"/>
                <TextEquiv>
                    <Unicode>auf 7 ¼ Monnat verfallene</Unicode>
                </TextEquiv>
            </TextLine>
            <TextLine id="tl_1751976861" custom="readingOrder {index:12;}">
                <Coords points="4949,2436 4914,2401 4829,2379 4731,2368 3887,2381 3173,2376 3083,2387 3078,2404 3078,2463 3083,2475 3098,2481 3169,2484 4822,2477 4906,2469 4948,2469"/>
                <Baseline points="3078,2455 4918,2455"/>
                <TextEquiv>
                    <Unicode>Intee. mit 45 f. 18 " 3 "</Unicode>
                </TextEquiv>
            </TextLine>
            <TextLine id="tl_1751976871" custom="readingOrder {index:13;}">
                <Coords points="4277,2662 4271,2640 4213,2622 4121,2626 4054,2642 3992,2650 3734,2660 3638,2658 3525,2649 3378,2654 3327,2639 3306,2628 3234,2627 3191,2634 3177,2644 3148,2653 3134,2672 3106,2682 3100,2689 3095,2713 3060,2741 3057,2774 3061,2782 3076,2784 3435,2784 3714,2773 3993,2768 4259,2770 4274,2765 4277,2760"/>
                <Baseline points="3057,2742 4277,2742"/>
                <TextEquiv>
                    <Unicode>Item Zalte ich dem Löbl.</Unicode>
                </TextEquiv>
            </TextLine>
            <TextLine id="tl_1751976857" custom="readingOrder {index:14;}">
                <Coords points="4228,2807 4226,2800 4177,2783 4087,2777 3719,2780 3487,2790 3152,2796 3107,2801 3092,2806 3090,2870 3094,2874 3892,2875 4104,2871 4206,2864 4227,2859"/>
                <Baseline points="3090,2849 4228,2849"/>
                <TextEquiv>
                    <Unicode>Stüfft undt Coster Zum</Unicode>
                </TextEquiv>
            </TextLine>
            <TextLine id="tl_1751976869" custom="readingOrder {index:15;}">
                <Coords points="4252,2926 4247,2911 4202,2898 4026,2885 3243,2894 3156,2899 3104,2910 3101,2915 3101,2976 3112,2983 3141,2985 3754,2985 3858,2978 4033,2975 4204,2955 4247,2944 4251,2939"/>
                <Baseline points="3101,2960 4252,2960"/>
                <TextEquiv>
                    <Unicode>Hey. Creütz von denen</Unicode>
                </TextEquiv>
            </TextLine>
            <TextLine id="tl_1751976843" custom="readingOrder {index:16;}">
                <Coords points="4332,2997 4325,2981 4266,2971 4177,2971 4023,2983 3775,2988 3660,2998 3462,3000 3348,3008 3161,3004 3106,3018 3100,3029 3099,3064 3104,3073 3143,3081 3257,3090 3784,3091 3961,3086 4327,3063 4332,3057"/>
                <Baseline points="3099,3061 4332,3061"/>
                <TextEquiv>
                    <Unicode>durch Herrn Wilhelmb Mäß</Unicode>
                </TextEquiv>
            </TextLine>
            <TextLine id="tl_1751976867" custom="readingOrder {index:17;}">
                <Coords points="4319,3109 4316,3099 4303,3095 4106,3091 3742,3094 3135,3107 3066,3120 3063,3125 3063,3172 3072,3184 3109,3189 4041,3187 4310,3165 4318,3161"/>
                <Baseline points="3063,3163 4319,3163"/>
                <TextEquiv>
                    <Unicode>ler N.Ö. Landtschaffts Trompet</Unicode>
                </TextEquiv>
            </TextLine>
            <TextLine id="tl_1751976864" custom="readingOrder {index:18;}">
                <Coords points="4412,3199 4408,3194 4388,3190 4172,3190 3436,3203 3154,3212 3090,3228 3086,3237 3086,3280 3090,3295 3098,3302 3126,3311 3801,3312 4065,3292 4348,3283 4393,3277 4407,3270"/>
                <Baseline points="3086,3280 4412,3280"/>
                <TextEquiv>
                    <Unicode>tern seel. vntern 7. 7tbr. 716</Unicode>
                </TextEquiv>
            </TextLine>
            <TextLine id="tl_1751976877" custom="readingOrder {index:19;}">
                <Coords points="4359,3310 5009,3310 5009,3415 4359,3415"/>
                <Baseline points="4359,3388 5009,3388"/>
                <TextEquiv>
                    <Unicode>270 f " 18 " 3 d</Unicode>
                </TextEquiv>
            </TextLine>
            <TextEquiv>
                <Unicode></Unicode>
            </TextEquiv>
        </TextRegion>
    </Page>
</PcGts>
