<?xml version="1.0" encoding="UTF-8" standalone="yes"?>
<PcGts xmlns="http://schema.primaresearch.org/PAGE/gts/pagecontent/2013-07-15">
    <Metadata>
        <Creator>prov=READ-COOP:name=PyLaia@TranskribusPlatform:version=2.27.0:model_id=364005:lm=provided:date=09_07_2025_11:16</Creator>
        <Created>2025-07-03T12:03:51.524+02:00</Created>
        <LastChange>2025-08-28T14:23:29.669+02:00</LastChange>
        <TranskribusMetadata docId="9350596" pageId="99894731" pageNr="275" status="GT" userId="261754" imgUrl="https://files.transkribus.eu/Get?id=CFDXGBIYMVCMUBLQNGPVXUUN&amp;fileType=view" imageId="83781320"/>
    </Metadata>
    <Page imageFilename="99894731.tif" imageWidth="5173" imageHeight="4205">
        <TextRegion id="region_151734205" custom="readingOrder {index:0;}">
            <Coords points="0,0 2586,0 2586,4205 0,4205"/>
            <TextLine id="tl_1751976793" custom="readingOrder {index:0;}">
                <Coords points="812,791 824,795 1585,796 1929,790 2026,776 2037,771 2037,707 2024,697 1994,688 1978,677 1952,672 1931,662 1881,655 1821,655 1710,666 1358,668 1251,658 1189,639 1172,639 1073,672 913,698 824,719 813,727"/>
                <Baseline points="812,756 2029,756"/>
                <TextEquiv>
                    <Unicode>Den 29. dito Herrn Phillipp</Unicode>
                </TextEquiv>
            </TextLine>
            <TextLine id="tl_1751976791" custom="readingOrder {index:1;}">
                <Coords points="822,837 822,897 827,902 841,904 1400,904 1658,898 1943,880 1983,875 2000,870 2000,825 1973,818 1832,817 1710,811 992,815 880,819 833,829"/>
                <Baseline points="822,880 1987,880"/>
                <TextEquiv>
                    <Unicode>Freyherrn Von Ehrmanß</Unicode>
                </TextEquiv>
            </TextLine>
            <TextLine id="tl_1751976819" custom="readingOrder {index:2;}">
                <Coords points="1961,909 1954,903 1934,901 1558,908 1381,917 1228,933 1165,934 845,926 804,932 789,939 787,1006 794,1014 827,1016 1669,1016 1899,1007 1950,1000 1961,993"/>
                <Baseline points="787,985 1961,985"/>
                <TextEquiv>
                    <Unicode>Von 420 f. daß den 6ten</Unicode>
                </TextEquiv>
            </TextLine>
            <TextLine id="tl_1751976821" custom="readingOrder {index:3;}">
                <Coords points="2063,1033 2055,1026 2043,1023 1974,1020 1728,1024 1557,1032 878,1035 832,1042 823,1047 821,1130 823,1134 849,1136 1797,1136 1997,1131 2043,1122 2061,1113"/>
                <Baseline points="821,1107 2059,1107"/>
                <TextEquiv>
                    <Unicode>diß Verfallene iahrs Intee.</Unicode>
                </TextEquiv>
            </TextLine>
            <TextLine id="tl_1751976805" custom="readingOrder {index:4;}">
                <Coords points="2576,1155 2573,1096 2485,1137 1966,1153 1657,1156 873,1151 831,1154 814,1161 813,1224 821,1237 833,1243 892,1247 2342,1242 2483,1208 2514,1192 2551,1176"/>
                <Baseline points="813,1218 2549,1218"/>
                <TextEquiv>
                    <Unicode>per 21 f " - " -</Unicode>
                </TextEquiv>
            </TextLine>
            <TextLine id="tl_1751976804" custom="readingOrder {index:5;}">
                <Coords points="2056,1467 2045,1461 1902,1432 1850,1418 1833,1409 1778,1398 1064,1398 951,1408 876,1427 859,1443 829,1456 825,1463 824,1532 825,1536 886,1539 2039,1538 2052,1536 2057,1531"/>
                <Baseline points="824,1503 2057,1503"/>
                <TextEquiv>
                    <Unicode>Dito denen P. P. Camalduensern</Unicode>
                </TextEquiv>
            </TextLine>
            <TextLine id="tl_1751976820" custom="readingOrder {index:6;}">
                <Coords points="844,1542 2017,1542 2017,1640 844,1640"/>
                <Baseline points="844,1614 2017,1614"/>
                <TextEquiv>
                    <Unicode>an St. Iosephs berg von ihren</Unicode>
                </TextEquiv>
            </TextLine>
            <TextLine id="tl_1751976813" custom="readingOrder {index:7;}">
                <Coords points="827,1646 2023,1646 2023,1745 827,1745"/>
                <Baseline points="827,1718 2023,1718"/>
                <TextEquiv>
                    <Unicode>1000 f. daß den 27ten diß</Unicode>
                </TextEquiv>
            </TextLine>
            <TextLine id="tl_1751976797" custom="readingOrder {index:8;}">
                <Coords points="2574,1707 2547,1715 2512,1730 2476,1726 2188,1749 1963,1757 1111,1747 836,1751 801,1759 799,1855 812,1872 2276,1870 2393,1858 2453,1844 2478,1826 2519,1808 2574,1751"/>
                <Baseline points="799,1834 2525,1834"/>
                <TextEquiv>
                    <Unicode>Verfallene Iahrs Intee. 50 f " - " -</Unicode>
                </TextEquiv>
            </TextLine>
            <TextLine id="tl_1751976809" custom="readingOrder {index:9;}">
                <Coords points="842,2121 845,2172 855,2174 1358,2171 1916,2174 1979,2171 1994,2167 2013,2177 2011,2095 1963,2063 1953,2051 1898,2043 1726,2057 1653,2053 1410,2028 1280,2029 1149,2051 1082,2056 1020,2068 890,2084 849,2095 843,2103"/>
                <Baseline points="842,2136 1998,2136"/>
                <TextEquiv>
                    <Unicode>Den 30. dito dem Franz</Unicode>
                </TextEquiv>
            </TextLine>
            <TextLine id="tl_1751976818" custom="readingOrder {index:10;}">
                <Coords points="841,2176 2058,2176 2058,2275 841,2275"/>
                <Baseline points="841,2248 2058,2248"/>
                <TextEquiv>
                    <Unicode>Tognetto von denen anheut</Unicode>
                </TextEquiv>
            </TextLine>
            <TextLine id="tl_1751976817" custom="readingOrder {index:11;}">
                <Coords points="849,2282 1957,2282 1957,2380 849,2380"/>
                <Baseline points="849,2354 1957,2354"/>
                <TextEquiv>
                    <Unicode>erhebten Ambstötterischen</Unicode>
                </TextEquiv>
            </TextLine>
            <TextLine id="tl_1751976799" custom="readingOrder {index:12;}">
                <Coords points="852,2382 1988,2382 1988,2476 852,2476"/>
                <Baseline points="852,2451 1988,2451"/>
                <TextEquiv>
                    <Unicode>2000 f. daß angestern ver</Unicode>
                </TextEquiv>
            </TextLine>
            <TextLine id="tl_1751976812" custom="readingOrder {index:13;}">
                <Coords points="841,2479 2002,2479 2002,2572 841,2572"/>
                <Baseline points="841,2548 2002,2548"/>
                <TextEquiv>
                    <Unicode>fallene iahrs intee. Laut der</Unicode>
                </TextEquiv>
            </TextLine>
            <TextLine id="tl_1751976788" custom="readingOrder {index:14;} textStyle {offset:21;length:1;superscript:true;}">
                <Coords points="847,2571 1835,2571 1835,2665 847,2665"/>
                <Baseline points="847,2640 1835,2640"/>
                <TextEquiv>
                    <Unicode>in bezalt geldt Sub Ꞥo</Unicode>
                </TextEquiv>
            </TextLine>
            <TextLine id="tl_1751976792" custom="readingOrder {index:15;}">
                <Coords points="2589,2665 2587,2600 2527,2632 2469,2630 1846,2668 921,2675 839,2684 833,2695 833,2734 850,2775 904,2782 1953,2782 2168,2775 2337,2763 2412,2743 2435,2729 2481,2717 2499,2702 2534,2693 2543,2683"/>
                <Baseline points="833,2744 2545,2744"/>
                <TextEquiv>
                    <Unicode>allegierten Quittung 100 f " - " -</Unicode>
                </TextEquiv>
            </TextLine>
            <TextLine id="tl_1751976794" custom="readingOrder {index:16;}">
                <Coords points="862,2982 863,3048 875,3055 904,3058 2028,3061 2045,3059 2049,3054 2049,2953 2047,2947 2031,2940 1859,2941 1752,2932 1603,2933 1514,2921 1485,2910 1437,2903 1146,2904 1050,2909 998,2918 939,2943 912,2950 867,2970"/>
                <Baseline points="862,3020 2049,3020"/>
                <TextEquiv>
                    <Unicode>Dito dem Löblichen Iungfr.</Unicode>
                </TextEquiv>
            </TextLine>
            <TextLine id="tl_1751976790" custom="readingOrder {index:17;}">
                <Coords points="852,3073 854,3153 873,3162 919,3168 2040,3170 2069,3165 2081,3148 2082,3091 2076,3083 2063,3079 1821,3079 1020,3061 871,3062 855,3066"/>
                <Baseline points="852,3142 2082,3142"/>
                <TextEquiv>
                    <Unicode>Closter St. Lorenz von 2000 f.</Unicode>
                </TextEquiv>
            </TextLine>
            <TextLine id="tl_1751976795" custom="readingOrder {index:18;}">
                <Coords points="2593,3095 2462,3104 2371,3137 2229,3154 2065,3183 1898,3192 1300,3177 946,3179 851,3194 843,3207 843,3259 848,3273 870,3288 918,3294 1769,3293 2236,3279 2300,3274 2349,3263 2532,3178 2562,3168 2592,3140"/>
                <Baseline points="843,3257 2427,3257"/>
                <TextEquiv>
                    <Unicode>ain Iahr biß 17 diß 100 f " - " -</Unicode>
                </TextEquiv>
            </TextLine>
            <TextLine id="tl_1751976823" custom="readingOrder {index:19;}">
                <Coords points="2554,3322 2499,3347 2494,3345 2446,3342 2432,3338 2410,3338 2407,3346 2392,3353 2368,3353 2349,3363 2330,3363 2313,3367 2286,3367 2266,3372 2244,3373 2230,3376 2206,3376 2186,3380 2164,3380 2148,3383 2121,3384 2104,3389 2082,3391 2037,3405 1990,3426 1983,3433 1985,3444 1982,3454 1982,3466 1991,3475 2002,3481 2028,3483 2193,3479 2286,3471 2354,3455 2413,3433 2428,3424 2451,3417 2466,3407 2605,3367 2602,3325 2598,3309"/>
                <Baseline points="1982,3446 2511,3446"/>
                <TextEquiv>
                    <Unicode>271 f " - " -</Unicode>
                </TextEquiv>
            </TextLine>
            <TextEquiv>
                <Unicode></Unicode>
            </TextEquiv>
        </TextRegion>
        <TextRegion id="region_251734205" custom="readingOrder {index:1;}">
            <Coords points="2587,0 5173,0 5173,4205 2587,4205"/>
            <TextLine id="tl_1751976796" custom="readingOrder {index:0;}">
                <Coords points="4296,674 4255,661 4154,641 4133,628 4086,622 3989,622 3725,633 3581,648 3475,653 3375,652 3279,634 3227,633 3183,639 3137,651 3120,671 3093,682 3086,701 3086,765 3090,771 3106,773 3425,773 3565,767 3807,766 4089,756 4263,738 4298,738"/>
                <Baseline points="3086,733 4267,733"/>
                <TextEquiv>
                    <Unicode>Eodem dato der Hoch Löblichen</Unicode>
                </TextEquiv>
            </TextLine>
            <TextLine id="tl_1751976801" custom="readingOrder {index:1;}">
                <Coords points="4294,785 4288,776 4200,769 3620,776 3353,792 3162,793 3113,798 3100,808 3067,816 3061,825 3060,904 3456,888 3654,884 4251,843 4293,835"/>
                <Baseline points="3061,856 4294,856"/>
                <TextEquiv>
                    <Unicode>Herrn bruederschafft in den</Unicode>
                </TextEquiv>
            </TextLine>
            <TextLine id="tl_1751976807" custom="readingOrder {index:2;}">
                <Coords points="4305,862 4296,856 4228,870 3891,877 3153,916 3104,921 3059,931 3055,939 3047,1017 3058,1019 3523,999 4135,956 4221,946 4263,934 4270,926"/>
                <Baseline points="3055,966 4271,966"/>
                <TextEquiv>
                    <Unicode>Profeß Hauß von 1000 f.</Unicode>
                </TextEquiv>
            </TextLine>
            <TextLine id="tl_1751976810" custom="readingOrder {index:3;}">
                <Coords points="4255,991 4211,982 3891,986 3724,998 3587,1002 3391,1023 3124,1038 3069,1049 3068,1099 3086,1101 3619,1100 3840,1091 4051,1076 4173,1064 4222,1054 4255,1046"/>
                <Baseline points="3068,1069 4231,1069"/>
                <TextEquiv>
                    <Unicode>ain Iahr den 26ten diß</Unicode>
                </TextEquiv>
            </TextLine>
            <TextLine id="tl_1751976822" custom="readingOrder {index:4;}">
                <Coords points="4992,1159 4996,1121 4835,1123 4771,1102 4702,1093 4021,1110 3126,1121 3060,1125 3036,1134 3035,1215 3041,1226 3059,1231 3131,1234 3956,1232 4175,1218 4356,1194 4559,1191 4784,1179 4904,1163 4989,1170"/>
                <Baseline points="3035,1198 4921,1198"/>
                <TextEquiv>
                    <Unicode>Verfallen mit 50 f - " -</Unicode>
                </TextEquiv>
            </TextLine>
            <TextLine id="tl_1751976789" custom="readingOrder {index:5;}">
                <Coords points="3064,1534 3067,1548 3101,1551 3504,1551 3614,1544 3888,1543 4049,1530 4176,1515 4233,1502 4293,1509 4293,1435 4234,1413 4223,1409 4175,1406 4132,1413 3923,1430 3468,1436 3414,1431 3367,1419 3348,1403 3323,1394 3309,1372 3245,1368 3194,1378 3178,1391 3153,1398 3138,1414 3113,1421 3107,1427 3101,1453 3070,1476"/>
                <Baseline points="3064,1503 4237,1503"/>
                <TextEquiv>
                    <Unicode>Ingleichen Von 4000 f -</Unicode>
                </TextEquiv>
            </TextLine>
            <TextLine id="tl_1751976806" custom="readingOrder {index:6;}">
                <Coords points="4249,1566 4246,1555 4221,1550 3913,1550 3609,1554 3331,1572 3116,1577 3061,1588 3049,1596 3046,1649 3048,1656 3074,1658 3657,1658 3902,1653 4133,1640 4195,1634 4241,1624 4248,1616"/>
                <Baseline points="3046,1631 4249,1631"/>
                <TextEquiv>
                    <Unicode>ain iahr den 27ten diß</Unicode>
                </TextEquiv>
            </TextLine>
            <TextLine id="tl_1751976814" custom="readingOrder {index:7;}">
                <Coords points="4982,1704 4925,1707 4839,1693 4789,1667 4763,1661 4080,1661 3087,1680 3049,1688 3048,1772 3056,1781 3116,1792 3838,1792 4863,1756 4930,1747 4987,1744"/>
                <Baseline points="3048,1757 4939,1757"/>
                <TextEquiv>
                    <Unicode>Verfallen mit 200 f " - " -</Unicode>
                </TextEquiv>
            </TextLine>
            <TextLine id="tl_1751976800" custom="readingOrder {index:8;}">
                <Coords points="3066,2122 3072,2133 3101,2140 3271,2140 3499,2134 3851,2113 4295,2095 4305,2087 4305,2012 4297,1997 4245,1983 4159,1983 4011,1996 3917,1995 3692,1965 3585,1939 3507,1939 3385,1962 3339,1976 3325,1986 3296,1992 3276,2005 3250,2012 3229,2024 3115,2057 3099,2072 3069,2087"/>
                <Baseline points="3066,2089 4305,2089"/>
                <TextEquiv>
                    <Unicode>Der Maria Catharina Schuß</Unicode>
                </TextEquiv>
            </TextLine>
            <TextLine id="tl_1751976811" custom="readingOrder {index:9;} unclear {offset:0;length:6;}">
                <Coords points="4241,2130 4233,2125 4193,2121 4032,2121 3433,2147 3168,2154 3102,2161 3072,2168 3067,2177 3067,2222 3072,2228 3729,2229 4022,2213 4188,2198 4237,2190 4241,2186"/>
                <Baseline points="3067,2202 4241,2202"/>
                <TextEquiv>
                    <Unicode>nilhin Von 2000 f. daß</Unicode>
                </TextEquiv>
            </TextLine>
            <TextLine id="tl_1751976815" custom="readingOrder {index:10;}">
                <Coords points="4257,2241 4250,2234 4233,2231 4077,2229 3953,2231 3356,2256 3142,2253 3099,2258 3088,2264 3085,2326 3087,2333 3112,2335 3782,2334 4245,2307 4256,2302"/>
                <Baseline points="3085,2307 4257,2307"/>
                <TextEquiv>
                    <Unicode>den 23ten diß Verfallene</Unicode>
                </TextEquiv>
            </TextLine>
            <TextLine id="tl_1751976802" custom="readingOrder {index:11;}">
                <Coords points="4986,2403 4976,2387 4756,2336 4728,2332 3997,2334 3150,2352 3072,2364 3066,2378 3068,2451 3076,2462 3112,2472 3588,2473 4108,2458 4394,2441 4749,2433 4857,2424 4986,2423"/>
                <Baseline points="3066,2437 4879,2437"/>
                <TextEquiv>
                    <Unicode>½ Iahrs Intee. mit 50 f " - " -</Unicode>
                </TextEquiv>
            </TextLine>
            <TextLine id="tl_1751976798" custom="readingOrder {index:12;}">
                <Coords points="3076,2738 3082,2751 3101,2753 3572,2752 3755,2747 3927,2737 4067,2735 4262,2718 4332,2724 4332,2628 4276,2607 4245,2604 3949,2605 3874,2612 3834,2621 3745,2632 3459,2656 3395,2657 3349,2653 3306,2642 3291,2631 3281,2612 3229,2598 3186,2600 3160,2606 3123,2626 3112,2668 3085,2687 3078,2700"/>
                <Baseline points="3076,2712 4285,2712"/>
                <TextEquiv>
                    <Unicode>Item von 1000 f. daß den</Unicode>
                </TextEquiv>
            </TextLine>
            <TextLine id="line_1752051451604_685" custom="readingOrder {index:13;}">
                <Coords points="3124,2770 3620,2761 3873,2748 4130,2741 4284,2742 4301,2749 4299,2821 4225,2833 4078,2841 3866,2846 3666,2858 3124,2858"/>
                <Baseline points="3124,2828 4287,2828"/>
                <TextEquiv>
                    <Unicode>27ten diß verfallene Intee.</Unicode>
                </TextEquiv>
            </TextLine>
            <TextLine id="tl_1751976803" custom="readingOrder {index:14;}">
                <Coords points="5011,2918 4942,2897 4925,2889 4820,2862 4761,2856 3312,2868 3102,2882 3090,2889 3087,2958 3090,2969 3109,2981 3184,2987 4103,2985 4668,2971 4802,2962 4937,2947 5010,2939"/>
                <Baseline points="3087,2952 4952,2952"/>
                <TextEquiv>
                    <Unicode>auf ½ iahr mit 25 f " - " -</Unicode>
                </TextEquiv>
            </TextLine>
            <TextLine id="tl_1751976808" custom="readingOrder {index:15;}">
                <Coords points="3069,3345 3078,3363 3095,3367 3334,3368 4020,3337 4226,3324 4275,3314 4295,3304 4297,3215 4290,3200 4264,3188 4252,3175 4203,3164 4107,3163 3970,3176 3879,3175 3737,3163 3656,3146 3618,3131 3482,3132 3343,3169 3324,3179 3298,3185 3279,3197 3256,3203 3186,3236 3114,3260 3101,3272 3081,3279 3072,3287"/>
                <Baseline points="3069,3308 4297,3308"/>
                <TextEquiv>
                    <Unicode>Der Frauen Maria Rolalia</Unicode>
                </TextEquiv>
            </TextLine>
            <TextLine id="tl_1751976824" custom="readingOrder {index:16;}">
                <Coords points="4987,3335 4939,3329 4934,3326 4916,3324 4665,3322 4586,3326 4509,3335 4337,3340 4321,3345 4317,3354 4320,3378 4320,3405 4316,3431 4318,3446 4343,3448 4635,3447 4784,3432 4923,3425 4937,3421 4987,3414"/>
                <Baseline points="4316,3415 4942,3415"/>
                <TextEquiv>
                    <Unicode>325 f " - kr</Unicode>
                </TextEquiv>
            </TextLine>
            <TextEquiv>
                <Unicode>Eodem dato der Hoch Löblichen
Herrn bruederschafft in den
Profeß Hauß von 1000 f.
ain Iahr den 26ten diß
Verfallen mit 50 f - " -
Ingleichen Von 4000 f -
ain iahr den 27ten diß
Verfallen mit 200 f " - " -
Der Maria Catharina Schuß
nilhin Von 2000 f. daß
den 23ten diß Verfallene
½ Iahrs Intee. mit 50 f " - " -
Item von 1000 f. daß den
27ten diß verfallene Intee.
auf ½ iahr mit 25 f " - " -
Der Frauen Maria Rolalia
325 f " - kr</Unicode>
            </TextEquiv>
        </TextRegion>
    </Page>
</PcGts>
