5164 4193
810 610 2027 736 Ihren anligenten 200 f.
804 737 2047 835 daß den 2. diß verfallene
795 835 2597 973 Iahrs Intee. mit 10 f " - " -
810 1120 1999 1253 Der barbaræ Schmidtin
800 1258 2031 1362 Von ihren 1500 f. daß den
822 1367 2006 1452 5ten diß Verfallene ain
798 1455 2585 1588 iahrs Intee. mit 75 f. - " -
775 1682 2043 1847 Ingleichen der Maria there
784 1848 1969 1938 sia Payrin von ihren
818 1938 1992 2031 1500 f. daß den Lezten Maii
836 2031 2020 2136 722. verfallene iahrs intee.
827 2122 2587 2256 mit 75 f. - " -
828 2401 2018 2558 Deßgleichen dem Franz
816 2538 2052 2646 Höffer von seinen 666 f.
835 2649 1974 2748 40 kr. daß den 8ten
817 2752 2046 2858 diß Verfallene ain Iahrs
805 2841 2592 2987 Intee. mit 33 f. 20 " -
810 3084 2052 3282 Der Annæ Mariæ Trokherin
2073 3215 2603 3422 193 f " 20 kr
3047 628 4251 749 Von ihren anheunt erhöbten
3081 747 4235 855 1000 f. daß von 7. Maii
3077 844 4231 953 722. biß anheunt auf 29
3074 946 4295 1045 täg mit 4 f. 1 kr 2 d. dan
3058 1046 4278 1146 Von erhöbten 700 f. von 5.
3077 1119 4321 1243 Nouemb. 721. biß anheundt
3080 1234 4280 1329 auf 7. Monnat mit 20 f.
3071 1328 4261 1428 25 kr. Zusamben diße
3071 1417 5013 1553 Intee. mit 24 f. 26 " 2 d.
3091 1680 4203 1827 Den 9. dito der Mariæ
3086 1829 4213 1929 Magdalenæ Dipplin Von
3088 1919 4242 2032 ihren 3000 f. daß den 21.
3093 2016 4278 2129 Maii 722. verfallene iahrs
3053 2136 5009 2252 Intee. mit 150 f " - " -
3091 2390 4300 2551 Den 10. dito der Frauen
3085 2557 4231 2656 Ioanna Davidin Von ihren
3072 2663 4249 2762 900 f. daß biß 5ten diß
3066 2755 4229 2864 Verfallene ½ iahrs intee.
3083 2868 4974 2985 mit 22 f " 30 kr
3013 3117 4325 3323 Den 11. dito dem alhiesigen
4159 3301 4928 3432 196 f. 56 2
