5166 4190
823 622 2001 725 angelegt undt an besagtes
798 731 2061 830 Stüfft undt Closter per testamentu
807 841 2028 934 Legiert anheunt aber erhöbten
811 945 2030 1039 2000 f. daß von 7 Sept. 721.
802 1043 2030 1134 biß anhero auf 8 ½ Monnat
786 1139 1995 1238 Verfallene Intee. inhalt
808 1239 1879 1343 der in bezalt geldt Sub Ꞥo
793 1288 2599 1473 allegierten Quittung 70 f " 50. kr
793 1602 2010 1755 Der Mariæ Reginæ Kruegin
806 1765 1997 1867 Von ihren 3000 f. daß den
819 1873 2007 1985 12ten Maii verfallene iahrs
790 1962 2587 2112 Intee. mit 150 f - " -
813 2254 2056 2432 Der Löblichen bruederschafft
833 2431 1977 2534 bey denen P. P. Franciscanern
829 2537 2038 2635 vnter dem titl deß guethen
821 2626 1974 2731 Hiertens Von 300 f. daß
828 2732 2000 2839 den Ersten Febr. 722 ver
786 2822 2589 2978 fallene Iahrs Intee. mit 15 f - " -
889 3135 2015 3327 Dem Herrn Stephan Nicola
1884 3255 2599 3474 235 f. 50. kr
3094 625 4283 757 Edlen Von Poppowitsch deme
3086 751 4252 857 die Von dem Herrn Schell
3076 843 4315 958 genossene Schwartzenbergische
3088 963 4269 1084 100 f. statt eines würkhlichen
3085 1065 4238 1183 Hoff quartiers assignieret
3080 1163 4270 1273 wordten die Von Geörgi
3080 1276 4284 1372 biß Michäeli 722. vorhinein
3063 1366 4943 1496 auf ½ iahr verfallente 50 f " - kr
3082 1616 4267 1769 Den 8ten dito dem Herrn
3066 1774 4333 1870 Ioseph Friderich Von braiten
3083 1872 4358 1975 au Von Mayrischen 500 f.
3075 1970 4271 2069 daß den 23ten Xber. 721.
3059 2077 4236 2169 auf ain iahr Verfallen
3042 2179 4948 2322 geweste Intee. mit 25 f - kr
3075 2445 4242 2617 Den 6. dito der löblichen
3083 2629 4274 2727 Hey. dreyfaltigkheit brue
3047 2734 4216 2829 derschafft bey St. Peter
3075 2825 4332 2915 alhier Von 100 f. daß den
3098 2920 4238 3007 18 Merz 722. Verfallene
3054 3015 4981 3124 Iahrs Intee. mit 5 f - " -
3051 3194 4275 3375 Dito dem Herrn Iohann
4375 3365 4911 3466 80 f - kr
