5246 4199
856 645 1987 783 seinen 3300 f. daß den
851 786 2030 880 4ten diß Verfallene ain
830 845 2627 1007 iahrs intee. mit 82 f. 30 " -
846 1153 2029 1306 Den 23ten dito dem Herrn
838 1311 2016 1410 Iohann Vrban Möller Von
834 1410 2013 1493 denen anligenten und der
840 1492 2006 1591 Löb. bruederschafft Ioannis Ne
832 1586 2039 1684 pomuceni gehörigen 200 f. daß
847 1688 2059 1787 den 19 diß Verfallene ain
814 1761 2633 1920 Iahrs Intee. mit 10 f " - " -
872 2117 2084 2251 Dito Vorgemelten Herrn
875 2252 2017 2349 Kierchenmaister bey S. Stephan
834 2352 2018 2447 Von 1400 f. daß den 24.
865 2451 2090 2559 diß verfallene iahrs Intee.
886 2500 2651 2664 mit 70 f. - " -
865 2776 2031 2950 Item Von 4000 f. daß
884 2945 2023 3039 den 22ten diß verfallene
872 2979 2654 3137 iahrs intee. per 200 f " - " -
881 3202 2101 3385 Dan Von 150 f. ain Iahrs
1981 3281 2637 3488 362 f " 30 kr
3113 601 4270 754 Intee. den 22ten diß
3070 727 5039 874 Verfallen mit 7 f " 30 kr
3120 1003 4260 1159 Ingleichen Von 1300 f.
3125 1154 4276 1263 daß den 23ten diß Ver
3119 1253 4274 1360 fallene ain iahrs Intee.
3122 1309 5027 1468 mit 65 f " - " - "
3152 1599 4376 1771 Den 26. dito der Frauen
3144 1768 4339 1877 Von Heyberg amuor Forste
3149 1885 4296 1975 rin Von ihren 3000 f.
3157 1970 4290 2063 Capital daß biß anheundt
3160 2068 4237 2160 auf ½ iahr Verfallene
3128 2163 5065 2270 Intee. mit 75 f " - " -
3174 2404 4296 2569 Den 27. dito der Anna
3179 2557 4275 2680 Humblin Von erhöbten
3168 2655 4267 2753 200 f. Capital daß von 2
3175 2748 4276 2841 biß 27ten diß verfallene
3148 2855 5076 2969 Intee. mit 37 " 2 d
3138 3101 4323 3262 Dito dem alhiesigen Zucht
3186 3251 4285 3355 Hauß Von denen erhöbten
4212 3345 5057 3462 148 f " 7 " 2 d.
