5199 4195
807 620 2079 749 Franz Widurekh von anli
788 751 2123 853 genten Gronerischen 800 f.
803 859 2028 950 Capital daß Von 24. 7tber.
830 951 2032 1051 721. biß dito Merz 722. ver
807 1050 2094 1148 fallene ½ Iahrs Intee. inhalt
831 1149 2062 1246 Compass schreiben berathschlagt
820 1245 2049 1346 Anbringen undt quitung
811 1333 2609 1453 mit 20 f " - " -
818 1581 2060 1750 Der Frauen Clara Cathrina
806 1751 2013 1847 Von Knöring Von ihren
837 1849 2032 1950 1500 f. daß den 2ten diß
815 1946 2027 2060 Verfallene ½ iahrs Intee.
832 2012 2613 2162 mit 37 f. 30 kr
845 2301 2045 2458 Dem Iohann Peter Fuhs
839 2471 2028 2564 Von seinen 300 f. daß
853 2577 2020 2682 den Ersten diß verfallene
834 2681 2619 2832 iahrs Intee. mit 15 f - " -
864 2991 2039 3201 Denen P. P. Serviten Von
896 3203 2169 3340 ihren anligendten 2000 f.
2176 3223 2630 3407 72 f. 30 kr
3097 627 4266 753 Capital daß biß 30ten Maii
3081 750 4297 859 Verfallene ½ iahrs Intee.
3083 827 4982 969 mit 50 f - kr
3073 1136 4303 1301 Dem Iohann Caspar Stephan
3056 1295 4298 1410 Von seinen 200 f. daß an
3062 1397 4268 1502 heunt Verfallene Intee.
3073 1508 5024 1631 auf ain iahr mit 10 f " - " -
3086 1774 4325 1949 Der Maria barbara Winkh
3073 1948 4357 2050 lerin Von ihren 800 f. das
3105 2054 4267 2149 den 4ten diß verfallene
3077 2159 5024 2287 Iahrs Intee. mit 40 f - " -
3091 2458 4372 2615 Der Frauen Susana Hoff
3100 2597 4390 2703 manin Von ihren 1000 f.
3122 2705 4283 2804 daß anheunt Verfallene
3087 2781 5020 2937 iahrs Intee. mit 50 f " - kr
3066 3127 4339 3329 Der Anna Humblin von
4216 3310 4998 3432 150 f " - kr
