5179 4181
879 590 2035 718 1000 f. Capital daß biß an
835 728 2038 822 gestern auf 8 Monnat ver
819 714 2618 949 fallene Intee. mit 33 f. 20 kr
805 1064 2069 1249 Item Von erhöbten 500 f.
817 1248 1979 1345 daß biß anhero auf 6 ¾
853 1343 2002 1448 Monnat Verfallene Intee.
837 1446 2604 1563 mit 13 f " 3 " -
834 1680 2011 1828 Dan Von 500 f. auf ain
823 1822 2601 1964 Iahr 4 ¾ Monnat mit 34 f. 53 " 3
818 2040 2033 2216 Abermahlen Von 500 f.
861 2225 1993 2334 daß Intee. auf ain iahr
852 2335 2604 2472 3 Monnat 34 f. 15 " -
834 2523 2034 2698 Ingleichen Von 500 f. das
858 2695 2078 2805 Intee. auf ain iahr undt
842 2775 2610 2942 1 Monnat 27 f. 5. -
841 3042 2037 3247 Denen P. P. Serviten in der
1933 3194 2608 3406 142 f. 36 " 3 d.
3125 613 4318 745 Rossau alhier von denen
3112 735 4350 845 anligenten 50 f. Capital daß
3097 845 4239 933 anheunt Verfallene ain
3060 944 4996 1075 Iahrs Intee. mit 2 f " 30 kr
3109 1208 4292 1373 Denen P. P. Dominicanern von
3111 1378 4279 1490 1000 f. Capital daß den 8.
3098 1462 4345 1576 diß Verfallene Iahrs Intee.
3112 1580 5030 1681 mit 50 f. - " -
3120 1801 4278 1965 Den 28. dito der Helena
3115 1972 4295 2064 Welßerin Von ihren anli
3093 2054 4267 2157 genten 2000 f. Capital daß
3110 2156 4246 2238 biß 23ten diß verfallene
3123 2248 5029 2406 ½ iahrs Intee. mit 50 f " - " -
3120 2483 4268 2663 Denen P. P. Minoriten von
3126 2666 4270 2766 3000 f. Capital daß den 23.
3113 2769 4279 2873 diß Verfallene ain iahrs
3060 2872 5020 3011 Intee. mit 150 f " - " -
2986 3104 4293 3346 Item Von 1000 f. Capital
4194 3324 4979 3457 252 f. 30 kr
