5189 4205
804 596 2009 729 Mariæ Antoniæ Fürstin Von
796 724 2063 838 Montecucolin Von ihren 10 f.
801 847 1995 937 daß den 17ten diß Ver
778 883 2578 1054 fallene ½ iahrs Intee. mit 250 f " - " -
787 1201 1990 1356 Dem Herrn Ioseph Antoni
776 1368 2066 1465 Von Schlagenberg von seinen
786 1471 2031 1574 2000 f. daß den 13ten diß
758 1544 2572 1702 Verfallene iahrs Intee. 100 f " - " -
783 1918 2004 2059 Den 22. dito der Hoch löbl.
794 2055 1962 2154 Herrn bruederschafft im
761 2156 2025 2250 Profeß Hauß Von 200 f.
796 2255 1983 2354 daß den 19. diß verfallene
774 2327 2579 2485 Iahrs Intee. mit 10 f " - " -
807 2648 1984 2790 Den 23. dito dem Herrn
798 2794 1933 2895 Iohann Antonio Salhi Von
783 2900 2032 2995 anligenten 3500 f. das den
812 2996 2022 3095 14ten diß auf ain iahr ver
772 3068 2579 3221 fallene Intee. mit 175 f " - " -
2075 3178 2575 3412 535 f " - kr
3074 582 4274 754 Dem Herrn Rudolph tscholl
3073 726 4281 871 Von seinen 2000 f. Capital
3089 854 4158 984 daß den 11 Jenner 722
3084 934 4225 1089 verfallene ½ iahrs Intee.
3066 1067 4965 1177 mit 50 f " - " -
3067 1321 4272 1488 Dem Iohann Georg Plankh
3060 1468 4205 1604 Von seinen 1000 f. Cautions
3088 1578 4265 1700 Capital daß biß 14 diß auf
3083 1685 4212 1799 ½ iahr verfallene Intee.
3115 1810 4978 1908 mit 25 f. " - " -
3095 2063 4267 2209 Der löblichen Todtenbrueder
3076 2208 4208 2304 schafft bey denen Patubus
3098 2285 4301 2386 Augustinern alhier Von 1000 f.
3098 2381 4239 2480 ain iahr den 20 diß Ver
3081 2480 4994 2580 fallen mit 50 f " - " -
3092 2808 4271 2939 Den 28. dito der Frauen
3078 2935 4250 3040 Anna theresia Steltischa
3089 3021 4281 3133 ferin Von ihren 6000 f.
3100 3138 4250 3228 daß biß 27. diß verfallene
3114 3212 4960 3351 ½ Iährige Intee. mit 150 f " - " -
4309 3347 4938 3462 275 f " - kr
