5338 3605
881 511 1917 770 Einannder ausgebenn auff
906 751 1886 835 Die lakhenn vor Widmertor genannt die
914 826 1915 911 Krennlakhenn Zunagst des Spitals Egkhen
912 900 1890 1002 vnnder halb denn Rasstenn Schut vnnd
901 964 1840 1054 gries darauf Zefurnn
841 1022 2089 1211 Dominica domine in tua misericordia
916 1206 2503 1367 5a 6a et Sabato ydenn tag iiii Zins per xvi ꞩ vi s xii d
846 1312 1883 1516 Dominica Fattus esst dominus
849 1495 1518 1604 2a vacat Iohannis Baptiste
898 1589 1869 1677 3a et 4 a yedenn tag viii Zins per xvi
910 1640 2589 1796 vnnd Furlonn yed tag iii Rosaws per xl ꞩ iii γ xii s xiiii d
877 1755 1771 1853 5a et 6a yednn tag viii Zins per xvi
892 1831 1643 1961 Sabato Vacat petri et pauli
837 1945 1720 2162 Dominica Respice in me
895 2164 1894 2275 2a 3a 4a 5a vacat sannd Vlreichstag
899 2261 1919 2345 6a et Sabato yedenn tag viii Zins per xvi
886 2336 1905 2430 vnnd iii Ros Schutt vnd Sanndt Zufurn
882 2337 2544 2478 per xx ꞩ v γ xl d
812 2462 1882 2664 Dominica domicius Illuminatio
894 2641 1891 2733 2a 3a 4a 5a 6a vacat sannd Margrethn
879 2718 1884 2798 tag vnnd Sabato yedenn tag viii Zins per
883 2783 1895 2865 xvi vnnd iii Ros Schutt vnnd Sannd Ze
892 2751 2548 2927 furnn auf ains xx ꞩ v γ xl d
1009 3032 1717 3257 Latus xv γ xvi d
3351 578 4332 771 Dominica Exaudi domine
3413 765 4430 857 4a 5a 6a et Sabato yedes tags v Zins per xvi
3411 767 5067 947 vnnd Furlonn ain tag auf iii Ros per xl ꞩ i γ vi s xx d
3396 946 4243 1174 Dominica dominus Fortitudo
3453 1181 4118 1276 2a Marta Magdalenne vacat
3449 1260 4422 1369 3a 4a 5a vacat sannd Iacobs tag 6a et Sabato
3440 1306 5035 1466 yedes tags v Zins per xvi ꞩ i γ Lxxx d
3413 1448 4348 1663 Dominica Omnes gentes
3457 1634 5046 1805 3a 4a et 5a yedenn tag iiii s per xvi ꞩ vi s xii d
3613 1869 4156 2047 Latus iii γ vii s xxii d
3482 2261 4429 2514 Suma ausgebenn auf die Kreenlakhenn
3576 2491 4389 2601 vor Widmertor ꞩ xviiii γ viii d
