5004 4054
808 653 1849 835 Purgefallnen notturfften
803 815 1858 954 auf drey Iahr one Interesse
811 938 1862 1069 vnnd Iedes Iar der drite thail
821 1071 1849 1197 an seiner angeschlagnen Steur
820 1176 1893 1304 abgehen solle dargelichen Benent
809 1296 1851 1456 lichen Dreissig Pfundt Pfening
823 1381 2416 1583 vermug quittung Idest f 30 s - d -
742 1728 1844 1950 Bemelten Sibentzehenden No
825 1952 1835 2103 uember gab Ich der Frauen
810 2082 1815 2216 Eua weilendt Sigmundt Perleben
803 2192 1815 2341 etwa des Aussern Raths alhie
787 2324 1827 2461 seligen hinterlassne wittib
745 2434 1836 2582 Zu volliger bezallung der Sechs
807 2570 1805 2740 vnnd dreissig gulden Reinisch
565 2818 1487 3162 Latus per se.
3100 633 4164 792 so gedachter Ir haußwierth den
3099 773 4188 904 Sibenden Nouember Anno etc Neun
3107 892 4181 1035 vnndachtzig Zu ainesthails ab Zal
3138 1016 4228 1155 lung Gemainer Statt Ausstenndigen
3136 1132 4104 1270 schulden Ins Lanndthauß auf
3115 1251 4162 1381 drey Iar one Interesse darge
3123 1378 4215 1488 lichen aber nun man in gehaltner
3116 1483 4191 1625 Crida hanndlung auf Gemainer
3119 1607 4220 1738 Statt Rait Camer fur uberganngen
3128 1731 4183 1872 an sie gelanngt vnnd khumen sein
3117 1860 4229 1993 vber die hieuor den Ersten Octobris
3124 1975 4203 2123 verschinen Neunzigisten Iars Ime
3064 2099 4155 2233 Parleben selbst bezalten Zwelff
3054 2220 4152 2351 Noch darauf Benenntlichen Vier
3111 2346 4150 2477 und Zwainzig gulden Reinisch ver
3079 2471 4187 2604 mug Vidimierter Extract auß der
3074 2597 4779 2803 Crida obligation vnnd Quittung Idest f 24. s - d -
2939 2918 3862 3221 Latus per se.
