5041 4065
856 643 1900 831 so Er verwichen Sibenvnndneun
861 814 1910 953 zigisten Iars Gemainer Statt
860 943 1882 1069 auf drey Iarlanng one Inter
850 1053 1871 1178 esse dergelichen Benenntlichen
791 1165 1880 1299 Sibenzehen gulden Reinisch ver
840 1176 2430 1420 mug Quittung Idest f 17. s - d -
751 1516 1916 1731 Den Funfften dits Zalt Ich dem Egidii
810 1713 1951 1846 Burgermaister Schneider Alß
863 1837 1845 1978 weillenndt Cospar Behaimb ge
863 1954 1895 2085 westen Burger vnnd Mauttners
847 2074 1867 2213 Enhalb der Schlagprugkhen seligen
819 2206 1920 2347 hinterlassner Erben Gwalttrager
819 2316 1943 2457 Abermallen Zu obschlag der Summa
809 2445 1881 2603 geldts so ermelte Behaimbische Erben
797 2565 1962 2770 In Zwayen vnnderschiedlichen Possten
580 2872 1572 3152 Latus per se.
3118 584 4185 748 vmb funf per Cennto bey Ge
3129 722 4135 857 mainer Statt Zuersuechen vnnd
3124 842 4122 985 seinen Principallen Alß Ober
3102 961 4166 1102 staunigen Erben der halbe thail
3046 1078 4207 1226 Zuegethailt worden benenntlichen
3108 1198 4231 1353 Ainhundert vnnd sechtzig gulden Rh
3119 1338 4128 1485 vermug Quittung hiebey
3095 1436 4822 1650 Idest f 160 s - d -
3004 1719 4147 1977 Den Sechsten december Zalt Ich der
3116 1965 4156 2107 Tugentsamen Frawen Hellena
3120 2092 4205 2222 weillenndt herrn Hannsen Reinharten
3101 2215 4185 2355 deß Aussern Raths alhie seligen hinter
3134 2341 4153 2481 lassnen wittib die Ainhundert
3136 2467 4195 2632 vier vnnd viertzig gulden so sie neben
2701 2668 3855 3118 Latus per se.
