5010 4080
736 690 1853 847 Den Neunvnnd Zwainzigisten dits
769 838 1913 978 Zalt Ich dem Christoff Träxl Burger
814 967 1835 1101 vnnd Peckhen Zu Perchtoltstorff
753 1091 1915 1222 die Achtvnndneunzig gulden so weil
806 1204 1867 1327 lenndt Iacob Puechen gewesten Burger
822 1327 1794 1444 vnnd Saiffensiders alhie seligen
806 1436 1843 1565 hinterlassner Sohn Hannß Puecher
806 1557 1882 1687 alß welcher alda Zu Perchtoltstorf
799 1685 1832 1800 mit Todt abganngen beeden seligen
812 1793 1822 1934 bey Gemainer Statt Zuersuechen
798 1939 1866 2053 gehabt vnnd durch seines gewesten
734 2044 1825 2198 Gerhaben Clement Strenpergers
800 2170 1868 2311 seligen gelassnen Sohn Iacob Stren
760 2291 1864 2436 perger Alß ain schuldigen Raitt
763 2410 1852 2555 Resst dahin erlegt worden Nun
828 2541 1827 2721 mer aber Crafft des Hannsen
683 3034 1449 3174 Latus nihil.
3077 581 4216 781 HofmansTestament an Ine khumen
3155 736 4228 870 sein vermüg Testaments Vidimus
3151 863 4149 990 quittung vnnd dorin einuer
3136 979 4148 1103 leibten Todtbrief so ain Edler
3127 1085 4188 1236 hochweiser Statt Rath auf sein
3103 1218 4189 1347 Träxls Suppliciern weillen die
3076 1333 4148 1472 Ambts Bekhanndtnuß verlohrn
3131 1450 4256 1579 worden an Zunemen verwilligt
3180 1547 4803 1723 Idest f 98. s - d -
3068 1774 4163 1977 Den Lesten Nouember Zalt Ich dem
3140 1966 4197 2102 herrn M. Georgen Thaillnkhaiß
3108 2079 4217 2209 In abschlag der Neunhundert gulden
3124 2193 4238 2311 haubtsumma so Er auß denen Acht
3119 2305 4182 2445 Zehen hundert gulden auch haubt
3168 2442 4166 2609 guett welche seinen geweste
2888 2787 3867 3097 Latus per se.
