5172 4154
878 486 2094 653 Den sechsten Augustii Erlegt Val
1002 640 2103 753 tin Holtzer burger alhie das Khäß
990 751 2103 872 stecher Recht so ihme durch Ratschlag
1001 869 2079 1023 an heut ergangen von wolermel
997 1014 2053 1133 tem loblichen Statrath Zu treiben
1007 1122 2076 1275 vergunstigt worden Zehen gulden
1695 1329 2531 1510 Idest f. 10 s. d.
851 1861 1499 2138 Latus per see.
3237 1813 4338 1995 Summa Empfanng vom Häring
3457 1978 4105 2095 vnd Khässtecherecht
3675 2117 4346 2270 30 f - s - d
