5166 4137
2786 282 4330 818 Empfang vom
3172 791 4340 1031 Prantweiner Recht
3210 1153 4291 1299 Erstlichen den Zwenundtzwain
3249 1300 4287 1427 tzigisten Ianuarii Erlegt Sebastian
3216 1400 4209 1536 Feinich das khlain Prantweiner
3234 1520 4265 1659 Recht so ihme von ainem Edlen Hoch
3243 1635 4243 1765 weisen Statrath auf ainem tischl
3242 1743 4289 1887 fail Zuhaben verwilligt benent
3239 1875 4088 2035 lichen vier gulden Reinisch
3834 1989 4710 2197 Idest f. 4. s. d.
3219 2226 4254 2390 Eodem die Erlegt Bongratz Ca
3230 2357 4338 2500 mers perger burger alhie das khlain
3203 2485 4274 2620 Prantweiner Recht so ihme Inhalt
3194 2608 4297 2752 Ratschlag an heut datiert auf ainen
3184 2721 4253 2856 Tischl fail Zu haben bewilligt Vier
3226 2854 4736 3051 gulden Reinisch Idest f 4 s. d.
3199 3156 4158 3367 Latus 8 f - s - d
