5173 4155
2742 241 4321 788 Empfang vom
3150 760 4294 1015 Harig vnd Khässtecher
3608 978 3887 1116 Recht
3183 1143 4252 1281 Erstlichen den andern Appril
3210 1278 4306 1423 Anno etc Neüntzig Erlegt Thoma Schauer
3240 1388 4270 1538 man burger alhie Das Khässtech
3232 1514 4290 1665 Recht so ihme von ainem Edlen hoch
3220 1645 4271 1771 weisen Statrath Zutreiben ver
3216 1751 4287 1923 gunstigt worden Zehen gulden Rh
3920 1955 4746 2118 Idest f. 10 s. d.
3068 2160 4248 2320 Den fünfften Iulii Erlegt Ioseph
3197 2307 4245 2446 Grueber burger alhie die gebür
3211 2446 4191 2577 vom Khässtecher handl so ihme von
3200 2558 4219 2707 ainem Edlen hochweisen Statrath
3160 2676 4251 2832 Zu treiben verwilligt Zehen gulden
3910 2807 4745 2987 Idest f. 10 s. d.
3134 3069 4274 3325 Latus 20 f. s. d.
