5102 4128
809 489 1942 638 Den 21 Maii Erlegt Margaretha
892 610 1901 734 weilent Benedicten Hüfftl ge
887 726 1912 842 westen burger vnd Khürßner
876 838 1991 944 alhie seiligen hintterlaßnen wit
875 929 1940 1056 tib von denen Ainhundert gulden
880 1051 1967 1163 so auf ihrem haus vnder den Tuech
871 1152 2084 1270 lauben ligunt sein vnnd Zu Hannßen
861 1260 2003 1394 Grünwaldt säligen stifft gehörig
902 1386 2068 1514 ain gantzen Iar Zinß von weinachten
895 1503 2010 1610 des 87 biß weinachten des 88 isten
889 1611 1927 1727 Iars verfallen benentlichen
898 1723 1656 1848 Fünf gulden Reinisch
1578 1822 2439 1979 Idest f. 5. s - d -
852 2199 1938 2341 Den Lesten december Erlegt der Ehrn
929 2335 1949 2454 uesst vnnd fuernemb herr Franntz
908 2456 1971 2593 Purckhl des Khaiserlichen Stat gerichts
941 2599 2006 2738 alhie Beysitzer von der Schmeltz so Er
936 2724 2009 2867 von Gemainer Stat Leibgedings weiß
926 2863 2006 3005 Inbestanndt hat Zween ganntzer Iar
955 3153 1636 3398 Latus per se
3198 431 4239 578 Zinnß so sich verschinen Neunund ach
3193 582 4232 702 Zigisten vnnd des Neunzigisten
3209 715 4238 826 Iars albeeg den Lesten december
3197 833 4258 953 verfallen Iedes Zwainzig Bringt
3188 971 4284 1105 Benentlichen Viertzig gulden Reinisch
3853 1119 4716 1290 Idest f 40 s. d.
3181 1856 3883 2113 Latus per see.
