5195 4255
774 668 2166 824 fallene Iahrs Intee. mit Zehen
792 816 2149 921 Gulden Vermög Quittung
809 865 2554 1017 Hiebey Idest 10 f - " - "
685 1124 2132 1268 Dan zalte Ich Herrn Andre Trill
783 1275 2077 1369 samb Von denen anligenten
793 1365 2120 1474 Hienerayrischen 100 f Cap. das an
795 1458 2109 1561 gestern Verfallene Iahrs Intee.
790 1555 2117 1673 mit Fünff Gulden Laut Quit
787 1590 2544 1770 tung Hiebey Idest 5 f - " - "
714 1850 2068 1984 Gleichermassen zalte Ich denen
799 1961 2116 2082 PP. Seruiten Von ihren in zwey
816 2070 2071 2181 posten anligenten 7000 f Cap.
809 2171 2081 2284 das angestern Verfallene halb
802 2274 2093 2381 Iährige Intee. mit Ain Hun
789 2382 2107 2500 dert Fünff und Sibenzig Gul
794 2413 2515 2610 den Gegen Quitt. Hiebey Idest 175 f - " - "
765 2670 2107 2806 Ferer zalte Ich denen hhl. Super
793 2801 2082 2900 intendenten deß alhieigen Zucht
793 2891 2123 2996 haußes Von denen anligenten
789 2991 2133 3097 1500 f Cap. das den 27.ten diß Ver
762 3093 2123 3196 fallene Iahrs Intee. mit Fünff
752 3195 2099 3313 und Sibenzig Gulden Inhalt
762 3200 2534 3393 Quittung Hiebey Idest 75 f - " - "
722 3510 2031 3694 Latus 265 f - " - "
2898 600 4379 822 Similit Zalte Ich Herrn Paul Hein
3072 824 4369 915 rich Spiegl Von seinen anligenten
3078 913 4371 1007 Hauserischen 2000 f Cap. das den 20.ten dis
3061 1007 4396 1107 Verfallene Iahrs Intee. mit hun
3053 1101 4349 1212 dert Gulden Inhalt Quittung
3062 1191 4944 1306 Hiebey Idest 100 f - " - "
3012 1353 4396 1486 Merhmahlen zalte Ich h. Mathiæ Nico
3036 1482 4415 1579 lao V. Wimesperg Von seinen an
3066 1576 4393 1666 ligenten 7000 f Cap. das den 29.ten
3074 1669 4371 1773 diß Verfallene halb Iährige Intee.
3075 1772 4340 1872 mit Ain Hundert Fünff und
3069 1860 4347 1971 Sibenzig Gulden Vermög Quit
3072 1971 4930 2099 tung Hiebey Idest 175 f - " - "
2969 2161 4373 2290 Dan zalte Ich Herrn Franz Ioseph
3057 2287 4313 2382 Khuntsamber thumb Capitlischen
3047 2385 4334 2465 Hoffmaistern Von denen anli
3038 2466 4376 2558 genten Goritzuttischen 1000 f Stüfft
3018 2557 4354 2653 Capit. das den 25.ten diß Verfallene
3017 2652 4368 2748 Iahrs Intee. mit Funffzig Gul
3046 2740 4936 2857 den Gegen Quittung Hiebey Idest 50 f - " - "
2971 2931 4340 3058 Nitweinger zalte Ich Herrn Iohann
2987 3060 4317 3156 Franz Gußmann Von seinen
3023 3151 4326 3232 anligenten 3000 f Cap. das den 12.ten
3033 3232 4320 3323 dis Verfallene Iahrs Intee. mit Ain
3037 3308 4321 3427 Hundert und Funffzig Gulden
3209 3554 4388 3709 Latus 325 f - " - "
