5173 4237
798 705 2163 857 Dito zalte Ich Vorgedachtem h.
834 856 2158 948 Pistori Von denen anligenten Zwer
821 950 2148 1038 gerischen 200 f das den Lezten Ianua.
812 1036 2116 1130 Verfallene Iahrs Intee. mit Ze
826 1124 2151 1227 hen Gulden Inhalt Quittung
836 1158 2535 1312 Hiebey Idest 10 f  - " - "
764 1393 2173 1521 Den Von anligenten Glokhunerischen
810 1520 2153 1616 100 f das den 20.ten Ianu. Verfalle
803 1616 2158 1711 ne Iahrs Intee. mit Fünff Gulden
806 1616 2523 1806 Gegen Quittung Hiebey Idest 5 f - " - "
787 1849 2171 1991 Similiter Zalte Ich Frauen Potronilæ
807 1993 2135 2087 Potentianæ legrandin Von denen
810 2082 2133 2174 anligenten legrandischen 2400 f
806 2182 2122 2285 das den 7.ten diß Verfallene halb
791 2274 2147 2372 Iährige Intee. mit Sechzig Gul
791 2312 2509 2484 den ut Quit. Hiebey Idest 60 f - " -
787 2530 2155 2656 Auch zalte Ich Herrn Franz Ioseph
803 2657 2094 2766 Khautsamber thumb Capitlischen
805 2770 2098 2852 Hoffmaistern Von anligenten
800 2850 2121 2948 Bürgiesserischen 1000 f. das den
799 2943 2136 3039 21. Aprilis Verfallene Iahrs Intee.
807 3052 2148 3142 mit Funffzig Gulden Inhalt
836 2975 2516 3218 Quittung Hiebey Idest 50 f - " -
721 3286 2140 3405 Ferrer zalte Ich denen Kirchen
761 3404 2130 3506 Vättern in der Leöpold Statt Von
819 3590 2113 3750 Latus 125 f  - " - "
3053 665 4381 806 denen anligenten Pfaffischen 6500 f
3049 792 4299 881 das den 3.ten diß Verfallene halb
3034 882 4315 985 Iährige Intee. mit Ainhundert
3026 970 4345 1071 Zwey vnd Sechzig Gulden 4 s.
3042 1020 4936 1178 Laut Quittung Hiebey Idest 162 f 4 s - "
2958 1248 4376 1390 Mierauch Von der Kirchen anligen
3012 1386 4376 1472 ten 600 f. das den 6. diß Verfal
3035 1471 4357 1566 lene Iahrs Intee. mit Dreyßig
3022 1565 4329 1670 Gulden Vermög Quittung
3014 1668 4984 1771 Hiebey Idest 30 f - " - "
2942 1826 4348 1973 Nitweniger zalte Ich der Theresiæ
3001 1966 4327 2074 Machtin gebohrne Haußerin
3015 2082 4319 2174 Von ihren anligenten 6000 f. Cap.
3019 2174 4348 2269 das den 4.ten diß Verfallene Iahrs
3005 2266 4333 2365 Intee. mit Drey Hundert Gul
3005 2356 4952 2467 den Vt Quitt. Hiebey Idest 300 f - " - "
2986 2516 4337 2661 In Simili Zalte Ich dem Anndree
3003 2659 4313 2755 Pauer Von seinen in zweyen
3012 2756 4297 2842 posten anligenten 1500 f Cap
2995 2844 4335 2948 das den 8. Ianu. und 28. Martii
2955 2951 4360 3043 Verfallene halb Iährige Intee. per
2968 3043 4330 3152 Siben und dreyßig Gulden 4 s.
2994 3089 4906 3254 Crafft Quittung Hiebey Idest 37 f 4 s - "
2966 3273 4365 3448 Mehr Zalte Ich der Mariæ Magdalen
3015 3528 4345 3710 Latus 530 f - " - "
