5152 4236
775 669 2522 840 Quittung Hiebey Idest 400 f - " -
753 915 2097 1044 Dan zalte ich dem auch WohlEhr
803 1041 2116 1137 würdtigen Iungfrauen Closter bey
815 1135 2123 1230 St. Lorenz Von ihren anligenten
814 1227 2127 1311 2000 f. das an heünt Verfallene
812 1305 2126 1391 Iahrs Intee. mit Ain Hundert
786 1305 2523 1495 Gulden Vt Quitt. Hiebey Idest 100 f - " -
781 1574 2126 1700 Auch Zalte Ich Frauen Mariæ
800 1701 2157 1795 Ceciliæ Von Hierneis Von ihren anli
794 1791 2148 1878 genten 600 f. das an heünt Verfal
797 1870 2126 1972 lene Iahrs Intee. mit Dreyßig
798 1976 2088 2086 Gulden Gegen dero Quittung
799 1956 2518 2186 Hiebey Idest 30 f - " -
715 2233 2139 2366 Nitweniger Zalte Ich frauen Maria
749 2370 2111 2464 Rebecca Pehlin Von ihren anligen
792 2460 2092 2541 ten 6000 f Cap. das an heünt
787 2531 2110 2621 Verfallene Iahrs Intee. mit
826 2590 2173 2727 Drey Hundert Gulden Inhalt
782 2536 2520 2803 Quittung Hiebey Idest 300 f - " -
743 2867 2150 3003 Ferrer Zalte Ich der Catharinæ Mar
762 3005 2139 3103 garethæ Maisterin Von ihren
775 3093 2132 3186 anligenten 500 f Cap. das an heünt
770 3181 2127 3281 Verfallene Iahrs Intee. mit Fünff
790 3286 2120 3387 und Zweinzig Gulden Gegen
774 3259 2505 3452 Quittung Hiebey Idest 25 f - " -
664 3553 2072 3730 Latus 855 f - " - "
2986 560 4325 778 Eodem die Zalte Ich Herrn Mathiæ
3020 780 4315 873 Öesterreicher Von seinen anli
3011 870 4348 951 genten 4000 f Cap. das an heünt
3006 955 4321 1041 Verfallene halb Iährige Intee.
3033 1040 4307 1144 mit Ain Hundert Gulden Laut
3013 1136 4926 1240 Quittung Hiebey Idest 100 f - " - "
2961 1272 4283 1408 In Simili Zalte Ich Frauen Euæ
3022 1406 4312 1498 Rosinæ Aichbergerin Von ihren
3038 1494 4283 1575 anligenten 2500 f Cap. das an
3018 1576 4305 1666 heünt Verfallene Iahrs Intee.
3034 1663 4244 1759 mit Ain Hundert Fünff undt
3039 1751 4269 1855 Zweinzig Gulden Vermög
3041 1845 4921 1962 Quittung Hiebey Idest 125 f  - " - "
2908 2010 4296 2158 Gleichermassen Zalte Ich Herrn
3023 2153 4300 2248 Iohann Ludwig Liechtenstei
3003 2251 4335 2338 ger Von seinen anligenten 1000 f
3026 2338 4275 2424 Cap. das an heünt Verfallene
3016 2423 4272 2509 halb Iährige Intee. mit fünff
3022 2508 4346 2614 und Zweinzig Gulden Crafft
3002 2602 4926 2718 Quittung Hiebey Idest 25 f - " - "
2934 2761 4315 2908 Auch Zalte Ich h. Iohann Iacob
3002 2911 4323 3009 Brean Executori der Graff Sal
2984 3005 4307 3091 mischen Stüfftung Von denen an
3000 3089 4301 3181 ligent 1000 f Cap. das den Lezten
2998 3181 4321 3273 Martii Verfallene Iahrs Intee.
2978 3270 4297 3376 mit funffzig Gulden Vermög
2976 3351 4909 3474 Quittung Hiebey Idest 50 f - " - "
2956 3501 4353 3664 Latus 300 f - " - "
