5191 4259
794 680 2549 849 Vermög Quittung Hiebey Idest 150 f - " -
773 884 2232 1046 Auch zalte Ich Herrn Edmund Schlecht
839 1045 2169 1150 Curato im Kay. Hoff Spittal Von
848 1146 2161 1226 denen anligenten Heinrich Gert
843 1221 2147 1306 nerischen 400 f Cap. das den 8.ten diß
829 1306 2175 1404 Verfallene Iahrs Intee. per Zwein
815 1395 2174 1497 zig Gulden Inhalt Quittung
808 1431 2542 1571 Hiebey Idest 20 f - " - "
744 1645 2176 1792 Gleichermassen zalte Ich Herrn Franz
823 1790 2139 1875 Sebastian Höll Von seinen anli
812 1875 2180 1966 genten 1000 f Cap. das den 24.ten diß
795 1965 2151 2063 Verfallene Iahrs Intee. mit
746 2055 2154 2173 Funffzig Gulden Laut Quitt.
815 2087 2532 2261 Hiebey Idest 50 f - " - "
705 2320 2106 2453 Nitweinger zalte Ich dem Iohann
770 2456 2115 2551 Benedict Frankhenberger Von
802 2548 2126 2634 seinen anligenten 400 f Cap. das
795 2632 2135 2725 den 27.ten diß Verfallene halb Iähri
784 2715 2159 2824 ge Intee. mit Zehen Gulden Vt
785 2763 2506 2924 Quittung Hiebey Idest 10 f - " - "
648 2975 2110 3126 Mehrbesagten Lezten Maii zalte Ich
782 3130 2074 3228 Herrn Michael Zächer Capell
754 3210 2098 3303 maistern bey St. Stephan die der
766 3307 2079 3388 gesambten Music wegen haltung
759 3383 2114 3489 der litaney am hoff an heünt auf ain
717 3605 2096 3774 Latus 250 f - " - "
3034 648 4386 823 halb Iahr Verfallene Zwey Hun
3040 806 4368 915 dert und Funffzehen Gulden Ver
3040 897 4968 1015 mög Quittung Hiebey Idest 215 f - " - "
3011 1068 4403 1222 Den 2.ten Iunii Zalte Ich denen PP.
3040 1228 4383 1323 Iesuitern im Professhauß
3065 1331 4385 1432 Von anligenten Preinerischen 2000 f
3050 1430 4369 1531 Cap. das den Ersten diß Verfallene
3033 1528 4364 1622 halb Iährige Intee. mit Ain Hun
3034 1618 4358 1728 dert Gulden Inhalt Quittung
3045 1727 4957 1824 Hiebey Idest 100 f - " - "
2992 1878 4412 2070 Den 3.ten dito zalte Ich dem Iohann Bekh
3085 2053 4358 2166 Riesischen Stipendiato die ihme
3075 2165 4360 2258 den 20.ten Maii auf ain Iahr Ver
3040 2259 4401 2377 fallene Funffzig Gulden Vt
3048 2362 4947 2512 Quitt. der Attestation Idest 50 f - " - "
2944 2531 4390 2686 Den 4.ten dito zalte Ich Dominco Lorenz
3076 2679 4357 2788 Thumbherrn und Beneficiaten
3057 2779 4330 2881 der otto Weissischen Stüfftung
3049 2879 4355 2981 Von denen anligenten 7500 f.
3065 2973 4351 3078 Cap. das den 28. Maii auf ain Iahr
3024 3073 4379 3181 Verfallene Intee. mit Drey hun
3008 3162 4369 3293 dert Fünff und Sibenzig Gulden
3002 3276 4933 3426 Vermög Quittung Hiebey Idest 375 f - " - "
2944 3486 4282 3688 Latus 740 f - " - "
