5160 4254
810 688 2107 839 næ Lamprechtin Von denen
823 845 2112 934 anligenten Hämerlichen 400 f.
812 936 2119 1016 das den 23.ten Martii Verfallene
805 1024 2106 1118 Iahrs Intee. mit Zweinzig
795 1114 2087 1222 gulden Vermög Quittung
812 1126 2514 1300 Hiebey Idest 20 f - " - "
728 1374 2116 1509 Den 14.ten dito zalte Ich h. Ignatio
795 1490 2149 1607 Von Pfeiffersberg beneficiato der
799 1601 2126 1700 Schwarzbekhischen Stüfftung Von
801 1668 2115 1790 denen anligenten 200 f. das den 6.ten
771 1785 2141 1887 Iunii Verfallene Iahrs Intee. mit
765 1890 2143 2006 Zehen Gulden Inhalt Quittung
768 1875 2508 2088 Hiebey Idest 10 f - " -
701 2181 2133 2324 Dito Zalte Ich Herrn Michäel Anton
775 2329 2132 2420 Dony Von seinen anligenten
786 2413 2150 2505 3000 f Cap. das an heünt Verfal
776 2507 2152 2590 lene halb Iährige Intee. mit
762 2591 2144 2698 Fünff und Sibenzig Gulden auf
765 2575 2499 2794 sein Quittung Hiebey Idest 75 f - " -
697 2866 2111 3015 Den 15.ten dito Zalte Ich Herrn Iohann
771 3008 2068 3107 Michäel Hoffmann Von seinen
780 3111 2080 3203 anligenten 4000 f Cap. das an
758 3202 2077 3289 gestern Verfallene halb Iährige
739 3284 2109 3391 Intee. mit Ain hundert Gulden
748 3253 2492 3460 Laut Quittung Hiebey Idest 100 f - " -
716 3545 2102 3723 Latus 205 f - " - "
2941 552 4349 795 Den 16.ten dito Zalte Ich Herrn Iohann
3002 798 4331 895 Carl Schwarzenberger Von seiner
3012 890 4310 994 Kindter anligenten dieterlischen
3006 990 4286 1084 100 f. daß den 6.ten diß Verfallene
3000 1083 4314 1181 Iahrs Intee. mit Fünff Gulden
2994 1166 4876 1286 Laut Quittung Hiebey Idest 5 f - " - "
2909 1336 4339 1487 Den 17.ten dito Zalte Ich denen PP. Iesu
2994 1488 4297 1582 itern im Professhauß die ihnen
3012 1583 4315 1669 auf das Monnät April Verfalle
3010 1666 4294 1768 ne Funffzig Gulden Almosen
3008 1759 4873 1888 deputat ut Quit. Hiebey Idest 50 f - " - "
2873 1939 4320 2099 Dito Zalte ich h. P. Francisco Passe
3006 2095 4300 2193 kher Soc. IESV und Seelsorgern
3021 2193 4318 2278 im Ambthauß Von denen anli
2998 2277 4312 2366 genten Listischen 1000 f. Capi.
2994 2361 4309 2444 dis Iezt Geörgii Verfallene ½
2995 2449 4238 2544 Iahrs Intee. mit Fünff undt
3000 2541 4283 2645 Zweinzig Gulden Vermög
3002 2635 4915 2760 Quittung Hiebey Idest 25 f - " - "
2952 2799 4308 2961 Similiter Zalte Ich dem WohlEhr
2998 2962 4302 3049 würdtigen Iungfrauen Closter
3005 3044 4330 3152 bey St. Ioseph Von ihren anligen
2979 3125 4299 3244 den 8000 f Cap. das an heünt
2956 3240 4332 3334 Verfallene Iahrs Intee. mit
2989 3328 4318 3447 Vier Hundert Gulden Crafft
2982 3547 4299 3703 Latus 80 f - " - "
