5169 4243
791 649 2513 853 Vermög Quittung Hiebey Idest 50 f. - " -
727 930 2146 1086 In Simili Zalte Ich denen PP. Seruiten
762 1073 2126 1180 Von ihren anligenten Sallaischen
775 1171 2148 1262 2000 f das den 20.ten diß Verfallene
757 1257 2142 1361 halb Iährige Intee. mit fünffzig
746 1270 2511 1445 Gulden Laut Quit. Hiebey Idest 50 f. - " -
692 1532 2164 1663 Nitweniger zalte Ich Herrn Stiermb
747 1651 2144 1764 Von der Löbl. Corporis Christi Bruder
747 1747 2122 1857 schafft anligenten 2000 f Cap. das den
722 1836 2143 1952 Vierten Aprilis Verfallene Iahrs Intee.
752 1949 2145 2069 mit Ain Hundert Gulden Crafft
705 1994 2512 2174 Quittung Hiebey Idest 100 f - " -
696 2222 2106 2357 Ferrer Zalte Ich dem Geörg Kaiser
711 2340 2100 2459 Von seinen anligenten 1000 f Cap.
764 2444 2114 2542 das den 17. diß Verfallene Iahrs
767 2534 2106 2643 Intee. mit Funffzig Gulden Vt
751 2542 2516 2744 Quittung Hiebey Idest 50 f - " - "
678 2841 2114 2977 Den 24.ten dito zalte Ich dem Iohann
763 2974 2123 3086 Mathia Kehrer Riesischen Stipendia
762 3087 2094 3182 ten die ihme den 20 diß auf ain
759 3170 2107 3274 Iahr Verfallene Funffzig Gulden
750 3273 2099 3367 Inhalt Quittung und Attestation
761 3234 2516 3443 Hiebey Idest 50 f - " - "
564 3508 2032 3710 Latus 300 f - " - "
2897 467 4374 785 Auch  zalte Ich der Rosinæ Gräffin hieuor
3062 775 4345 875 Benedictin Von ihres Kindts
3062 877 4317 973 anligenten 600 f Cap. das den
3050 973 4331 1061 17.ten diß Verfallene Iahrs Intee.
3048 1064 4356 1181 mit Dreyßig Gulden Inhalt
3019 1170 4878 1291 Quittung Hiebey Idest 30 f - " - "
2925 1350 4349 1509 Den 26.ten dito zalte Ich |:titl:| Frauen
3055 1512 4392 1613 Annæ Franciscæ Gräffin Von Kueff
3050 1617 4335 1703 stain etc. Von ihren anligenten
3051 1704 4323 1797 5000 f Cap. das den 17.ten diß Ver
3040 1797 4322 1897 fallene Iahrs Intee. mit Zwey
3033 1893 4350 2006 Hundert und Funffzig Gulden
2976 2001 4920 2137 Vermög Quittung Hiebey Idest 250 f - " - "
2920 2192 4328 2343 Den 27.ten dito zalte Ich Frauen Ma
3035 2348 4305 2440 riæ Anna Hileprandtin Von
3045 2445 4336 2542 Prandau Von denen angelege
3031 2543 4303 2642 nen Prämbischen 2000 f. das
3045 2647 4379 2747 Vom 27.ten Iulii 1708 bis an heünt
3049 2750 4330 2851 auf 1 Iahr 10 Monnät Verfalle
3041 2846 4307 2952 ne Intee. mit Ain Hunderth
3052 2958 4319 3069 drey und achzig Gulden 2 s
3037 3040 4928 3201 20 d. Vt Quitt. Hiebey Idest 183 f. 2 s. 20 d.
2927 3207 4351 3363 Ingleichen Von denen Prämbsi
2845 3442 4389 3662 Latus 463 f. 2 s. 20 d.
