5151 4222
755 625 2147 842 Dan zalte Ich dem Leönhard Sauer
817 845 2128 930 Von seinen anligenten 2000 f
835 936 2097 1019 Cap. das an heünt Verfallene
830 1014 2124 1116 Iahrs Intee. mit Ain Hunderth
806 1028 2520 1228 Gulden Geg Quit. Hiebey Idest 100 f. - " -
768 1284 2096 1419 Item Zalte Ich der Mariæ Theresiæ
786 1403 2109 1511 Plackhin gebohrner Meelsackhin
798 1493 2100 1596 Von ihren anligenten 2000 f Cap.
817 1590 2085 1695 das an heünt Verfallene halb
785 1684 2103 1792 Iährige Intee. mit Funffzig
785 1693 2518 1908 Gulden Vt Quit. Hiebey Idest 50 f - " -
699 1981 2113 2127 Weiter Zalte Ich dem Ioh. Geörg
756 2117 2118 2219 Geitter Von denen anligenten
791 2209 2126 2308 Gabriel Wilhelm Wübmerischen
784 2308 2105 2401 500 f Cap. das an heünt Verfalle
778 2397 2088 2492 ne Iahrs Intee. mit Fünff und
787 2491 2131 2604 Zweinzig Gulden auf sein Quit
784 2494 2514 2690 tung Hiebey Idest 25 f - " -
698 2791 2141 2931 Dan Zalte Ich dem Mathiæ Warth
762 2931 2095 3035 bichler Von seiner Mennerischen
792 3033 2053 3130 Kinder anligenten Grünerischen
781 3126 2135 3239 100 f Cap. das an heünt Verfallene
773 3233 2115 3336 Iahrs Intee. mit Fünff Gulden
756 3227 2505 3444 Vermög Quitt. Hiebey Idest 5 f - " -
658 3555 1988 3734 Latus 180 f - " - "
2987 514 4330 796 Den 18.ten dito Zalte Ich dem Antonio
3054 786 4285 876 Lenkh Von seinen anligenten
3044 881 4321 975 600 f Cap. das an heünt Verfal
3028 974 4320 1062 lene Iahrs Intee. mit dreyßig
3026 1060 4315 1177 Gulden Inhalt Quittung hie
3021 1163 4874 1269 bey Idest 30 f - " - "
2944 1347 4301 1487 Dito Zalte Ich der Ioannæ Dorotheæ
3046 1489 4296 1583 Damin Wittib Von ihrer anli
3024 1585 4311 1675 genten 1200 f Cap. das an heünt
2993 1677 4308 1777 Verfallene Iahrs Intee. mit Sech
3013 1780 4305 1899 zig Gulden Gegen ihrer Quittung
3018 1873 4887 2000 Hiebey Idest 60 f - " - "
2957 2054 4290 2204 Den 19.ten dito Zalte Ich Herrn Geörg
3041 2207 4325 2299 Heinrich Lamprecht Chormaister
3038 2297 4325 2386 bey St. Stephan Von denen Rech
3015 2391 4324 2483 bergerischen 300 f. das an heünt
3009 2484 4307 2566 Verfallene Iahrs Intee. mit
3015 2572 4320 2693 Fünffzehen Gulden Crafft Quit
3024 2670 4915 2797 tung Hiebey Idest 15 f - " - "
2967 2853 4345 2995 Dito Zalte Ich Herrn Leopold Iohann
3014 2996 4309 3087 Spitzer pfarrern zu St. Veit an
3000 3087 4331 3183 der Wienn Von denen anligenten
2992 3179 4331 3276 400 f das Ietzt Geörgi Verfallene
2993 3266 4334 3387 Iahrs Intee. mit Zweinzig Gul
2852 3446 4244 3662 Latus 105 f - " - "
