5167 4230
815 696 2172 826 den Vermög Quittung undt
834 743 2542 924 Vidimirten Decret Hiebey Idest 20 f - " -
704 988 2142 1165 Den 20.ten dito Zalte Ich Herrn Iohann
798 1165 2143 1272 Friderich Hildebrandt Von denen
818 1269 2103 1366 anligenten Scheichenpfluegischen
812 1364 2146 1463 300 f Cap. das an heünt Verfalle
806 1459 2131 1559 ne Iahrs Intee. mit Funffzehen
799 1480 2530 1668 Gulden Gegen Quitt. Hiebey Idest 15 f. - " -
731 1742 2113 1884 Dito Zalte Ich dem Heinrich Edeler
807 1882 2122 1988 Riesischen Stipendiaten die ihme
808 1982 2127 2076 an heünt auf ain Iahr Verfalle
781 2076 2097 2184 ne Funffzig Gulden auf seine
786 2183 2106 2289 Quittung und Attestation
785 2162 2529 2368 Hiebey Idest 50 f - " -
732 2456 2129 2588 Den 21.ten dito zalte Ich der Löbl. herrn
794 2586 2100 2699 Bruderschafft im Professhauß
780 2682 2120 2784 Von denen anligenten Rechbergeri
761 2781 2109 2882 schen 200 f. das den 19.ten diß Ver
747 2879 2116 2982 fallene Iahrs Intee. mit Zehen
754 2853 2525 3089 Gulden ut Quitt. Hiebey Idest 10 f - " -
727 3149 2138 3312 Dito Zalte Ich Frauen Mariæ Fran
778 3309 2154 3421 ciscæ Maisterin Wittib Von den
611 3499 2082 3731 Latus 95 f - " - "
3030 641 4353 783 nen anligenten 768 f Cap. das den
3019 788 4393 894 3.ten Nouembris 1709 Verfallene Iahrs
2983 890 4357 995 Intee. mit Acht vnd dreyßig Gul
2978 987 4349 1096 den 3 s. 6 d. Vermög Quittung
3013 1021 4931 1214 Hiebey Idest 38 f. 3 s. 6 d.
2968 1288 4352 1413 Dan Von anligenten 400 f. das
3037 1413 4344 1511 den 7.ten April Verfallene 2 Iahrs
3025 1506 4355 1620 Intee. mit Vierzig Gulden Vt
3016 1592 4893 1727 Quittung Hiebey Idest 40 f - " - "
2935 1798 4340 1956 Den 22.ten dito Zalte Ich denen PP. Do
3047 1963 4347 2050 minicanern Von denen anligent
3047 2053 4329 2145 und zur Roßenkhranz bruder
3025 2139 4344 2238 schafft gehörig 1000 f Cap. das den
3028 2242 4366 2335 17.ten diß Verfallene Iahrs Intee. etc.
3007 2338 4384 2454 funffzig Gulden Inhalt Quittung
3026 2422 4902 2542 Hiebey Idest f - " - "
2947 2623 4381 2778 Dito zalte Ich Herrn Franz Ioseph
3022 2776 4329 2881 Pfister Von seinen anligenten
3018 2883 4360 2991 1500 f Cap. das an heünt Verfallene
3010 2988 4398 3088 halb Iährige Intee. mit Siben und
3030 3092 4374 3219 dreyßig Gulden 4 s. Crafft Quit
3023 3160 4929 3319 tung Hiebey Idest 37 f. 4 s - "
2788 3388 4352 3616 Latus 165 f. 7 s. 6 d.
