5179 4237
659 718 2165 874 Den 23.ten dito Zalte Ich Augustin Tras
746 876 2113 973 sin Beneficiaten der Neükhonnischen
766 977 2118 1075 Stüfftung Von denen anligenten
768 1071 2107 1173 1000 f. das an heünt Verfallene
762 1165 2153 1270 Iahrs Intee. mit Funffzig Gulden
750 1228 2528 1380 Gegen Quittung Hiebey Idest 50 f - " - "
706 1455 2148 1578 Dito zalte Ich Mariæ Catharinæ
779 1583 2134 1684 Schußinkhin Von ihren anligenten
781 1680 2129 1771 2000 f. das an heünt Verfallene
765 1766 2116 1860 halb Iährige Intee. mit Funffzig
755 1785 2528 1981 Gulden Crafft Quitt. hiebey Idest 50 f. - " -
709 2039 2130 2181 Den 24.ten dito Zalte Ich ihrer Excellenz
766 2186 2083 2291 Hh. Franz Eusebio Trautsohn
774 2292 2109 2388 Graffen zu Falkhenstein etc. Von
781 2374 2117 2470 denen ailigenten 473 f 30 kr. Cap.
785 2478 2104 2581 das den 4.ten diß Verfallene Iahrs
771 2577 2099 2682 Intee. mit Drey und Zweinzig
773 2689 2135 2790 Gulden 5 s. 12 d. Laut Quit
801 2640 2543 2882 tung Hiebey Idest 23 f 5 s 12 d.
692 2957 2161 3098 Dito zalte Ich Herrn Franz Andre
770 3100 2137 3193 Gall I. V. Dri. etc. Von dessen anligenten
768 3189 2130 3282 3000 f Cap. das den 17.ten diß Verfal
784 3275 2098 3392 lene Iahrs Intee. mit Ain Hun
766 3459 2140 3680 Latus 123 f. 5 s. 12 d.
3014 613 4394 798 dert und Funffzig Gulden Inhalt
3015 792 4913 912 Quittung Hiebey Idest 150 f - " - "
2984 947 4380 1099 Auch Zalte Ich Herrn Caspar Hueber
3030 1098 4335 1187 Von seinen anligenten 1200 f Cap.
3041 1191 4356 1276 das den 17.ten diß Verfallene Iahrs
3024 1276 4373 1382 Intee. mit Sechzig Gulden Vt
3027 1322 4912 1489 Quittung Hiebey Idest 60 f - " - "
2990 1514 4330 1654 Similit Zalte ich denen PP. Franci
3012 1658 4310 1743 scanern Von denen anligenten
2988 1737 4339 1857 Franz Rezerischen 660 f Cap. das den
3027 1839 4376 1943 7.ten diß Verfallene Iahrs Intee. mit
2983 1936 4389 2048 Drey und dreyßig Gulden Crafft
3032 2033 4934 2167 Quittung Hiebey Idest 33 f - " - "
2971 2226 4391 2366 Dan zalte Ich ihnen Von denen an
3042 2368 4376 2468 ligenten Grienbischen 500 f. das den
3057 2464 4369 2555 7.ten diß Verfallene Iahrs Intee.
3041 2558 4387 2663 mit Fünff und Zweinzig Gulden
3027 2640 4933 2764 Laut Quittung Hiebey Idest 25 f - " - "
2991 2806 4401 2969 Eodem die zalte Ich der Löbl. todten
3044 2969 4395 3069 bruderschafft bey denen PP. Augusti
3040 3070 4341 3155 nern Von denen anligenten
3030 3156 4367 3255 1000 f. das den 20.ten diß Verfallene
3046 3253 4367 3377 Iahrs Intee. mit Funffzig Gulden
2862 3443 4249 3614 Latus 268 f - " - "
