5171 4246
773 733 2140 877 schen 2000 f Cap. das Von 27.ten 9bris
788 876 2118 973 1709 bis 27.ten Maii 1710. auf ain
775 977 2120 1067 halbs Iahr Verfallene Intee. mit
742 1069 2165 1190 Funffzig Gulden Vermög Quit
792 1128 2519 1290 tung Hiebey Idest 50 f - " - "
672 1371 2138 1516 Dito zalte Ich h. Cristoph theödor
785 1516 2134 1611 Heyperger Von denen anligenten
788 1612 2131 1707 Gebhardtischen 2000 f Cap. das an
772 1702 2135 1793 heünt Verfallene Iahrs Intee. per
775 1792 2141 1891 Ain Hundert Gulden Crafft Quitt.
788 1789 2518 1985 und Gwaldt Hiebey Idest 100 f - " - "
667 2047 2102 2208 Den 30.ten dito Zalte Ich Herrn Bern
763 2210 2095 2305 hard Rißen Von seinen anli
767 2302 2086 2399 genten 5000 f. das Von 26.ten
781 2393 2114 2497 Nouemb 1709 bis dito Maii 710.
775 2494 2115 2589 Verfallene halb Iährige Intee. mit
760 2588 2109 2695 Ain Hundert Fünff und Zweinzig
748 2588 2505 2796 Gulden ut Quit. Hiebey Idest 125 f - " - "
658 2864 2109 3003 Den 31.ten dito zalte Ich in das Kay.
777 3010 2076 3105 Professhauß Von anligenten
773 3100 2070 3207 Kollobratischen 12000 f Cap. das
783 3199 2107 3290 den 25.ten diß Verfallene halb Iähri
763 3289 2111 3387 ge Intee. mit Drey hundert Gulden
753 3279 2502 3489 Laut Quittung Hiebey Idest 300 f - " - "
724 3557 2062 3739 Latus 575 f  - " - "
2958 665 4349 800 Dito zalte Ich Herrn Andreæ Weber
3062 808 4342 902 thumbherrn und Beneficiaten der
3064 899 4355 997 Ailff taußendt Magdtstüfft Von
3068 992 4361 1083 anligenten 200 f Cap. das den 25.ten
3051 1083 4390 1183 diß Verfallene Iahrs Intee. mit
3038 1183 4360 1288 Zehen Gulden Vermög Quitt.
3069 1269 4888 1371 Hiebey Idest 10 f - " - "
3018 1410 4374 1543 Similiter Zalte Ich Herrn P. Francisco
3066 1547 4341 1642 Winckhler Procuratori in Collegio
3051 1642 4307 1718 Von denen in zweyen posten anli
3042 1720 4332 1818 genten Scholzischen 1500 f Cap. das
3064 1819 4346 1915 an heünt Verfallene Iahrs Intee.
3078 1915 4342 2025 mit Fünff vnd Sibenzig Gulden
3054 2002 4884 2145 Laut zweyer Quitt. Hiebey Idest 75 f - " - "
2987 2198 4350 2359 Gleichermassen zalte Ich hl. P. Lam
3042 2352 4334 2457 pert Mayrhaußer Regenti in Semi
3049 2455 4319 2546 nario Von anligenten Rechberge
3041 2550 4358 2644 rischen 10 f Cap. das an heünt auf
3056 2645 4327 2742 ain halbs Iahr Verfallene Intee.
3051 2740 4309 2847 mit Zwey Hundert Funffzig
3029 2847 4347 2963 Gulden Inhalt Quittung hie
3037 2928 4922 3041 bey Idestt 250 f - " - "
2975 3090 4325 3251 Auch Zalte Ich Herrn P. Regenti im
3035 3253 4313 3342 Conuict Von anligenten Rechber
3021 3332 4329 3438 gerischen 200 f. das den 20.ten diß Ver
2952 3490 4309 3671 Latus 355 f - " - "
