<?xml version="1.0" encoding="UTF-8" standalone="yes"?>
<PcGts xmlns="http://schema.primaresearch.org/PAGE/gts/pagecontent/2013-07-15">
    <Metadata>
        <Creator>prov=READ-COOP:name=PyLaia@TranskribusPlatform:version=2.27.0:model_id=364005:lm=provided:date=01_07_2025_11:13</Creator>
        <Created>2025-06-17T09:10:45.849+02:00</Created>
        <LastChange>2025-08-29T10:18:45.097+02:00</LastChange>
        <TranskribusMetadata docId="9075976" pageId="99166812" pageNr="280" status="GT" userId="261754" imgUrl="https://files.transkribus.eu/Get?id=BEIZHQDBGLMCPKZZRSFJRVRO&amp;fileType=view" imageId="83202763"/>
    </Metadata>
    <Page imageFilename="99166812.tif" imageWidth="4854" imageHeight="4051">
        <TextRegion id="region_148544051" custom="readingOrder {index:0;}">
            <Coords points="0,0 2427,0 2427,4051 0,4051"/>
            <TextLine id="tl_1750855974" custom="readingOrder {index:0;}">
                <Coords points="845,688 845,713 853,729 881,754 899,757 1196,757 1373,751 1899,752 2080,733 2092,728 2094,716 2092,631 2084,626 2036,619 1572,620 1296,629 1170,616 1088,599 1007,594 902,598 867,609 854,622 855,664"/>
                <Baseline points="845,714 2094,714"/>
                <TextEquiv>
                    <Unicode>Eodem die Zalte ich herrn Iohann</Unicode>
                </TextEquiv>
            </TextLine>
            <TextLine id="tl_1750855983" custom="readingOrder {index:1;} unclear {offset:4;length:11;}">
                <Coords points="2137,771 2131,757 2090,754 1983,762 1884,764 1418,759 1121,772 940,775 896,780 879,790 854,797 846,810 845,856 851,867 866,871 1241,873 1370,861 1558,852 1854,855 1989,850 2080,843 2132,832 2136,827"/>
                <Baseline points="845,841 2137,841"/>
                <TextEquiv>
                    <Unicode>Frantz Pickardt der Röm. Kay.</Unicode>
                </TextEquiv>
            </TextLine>
            <TextLine id="tl_1750855990" custom="readingOrder {index:2;}">
                <Coords points="2142,877 2137,866 2096,861 1854,866 1651,865 1429,874 1252,891 971,896 872,910 864,918 867,966 879,973 944,980 1467,980 1718,968 1935,973 2120,968 2141,961"/>
                <Baseline points="864,948 2142,948"/>
                <TextEquiv>
                    <Unicode>May. Rath vndt Statt Richtern</Unicode>
                </TextEquiv>
            </TextLine>
            <TextLine id="tl_1750855964" custom="readingOrder {index:3;}">
                <Coords points="2213,969 2209,960 2174,979 1735,983 1586,988 1434,1009 1014,1007 922,1017 860,1031 855,1042 855,1093 858,1100 1319,1102 1434,1098 1663,1101 1984,1095 2129,1077 2189,1059 2194,1051"/>
                <Baseline points="855,1069 2194,1069"/>
                <TextEquiv>
                    <Unicode>die Ihme herrn auf sein eingericht</Unicode>
                </TextEquiv>
            </TextLine>
            <TextLine id="tl_1750855986" custom="readingOrder {index:4;}">
                <Coords points="2120,1107 2116,1095 2081,1102 1961,1107 1489,1107 1237,1123 923,1130 875,1139 860,1147 857,1208 863,1215 878,1217 1347,1217 1536,1205 1913,1205 1995,1201 2048,1195 2094,1177 2102,1163"/>
                <Baseline points="857,1186 2103,1186"/>
                <TextEquiv>
                    <Unicode>berathschlagtes anbringen vndt</Unicode>
                </TextEquiv>
            </TextLine>
            <TextLine id="tl_1750855963" custom="readingOrder {index:5;}">
                <Coords points="2073,1229 2068,1218 2053,1213 2011,1211 1651,1214 1265,1235 906,1240 858,1248 846,1255 845,1317 849,1326 859,1330 903,1332 1582,1332 1833,1328 2063,1307 2071,1304 2075,1297"/>
                <Baseline points="845,1301 2075,1301"/>
                <TextEquiv>
                    <Unicode>quitung hiebey auf diß Iahr</Unicode>
                </TextEquiv>
            </TextLine>
            <TextLine id="tl_1750855970" custom="readingOrder {index:6;}">
                <Coords points="2146,1352 2141,1333 2126,1329 1622,1335 903,1357 864,1362 847,1371 844,1419 856,1436 930,1442 2008,1440 2088,1432 2138,1412 2146,1399"/>
                <Baseline points="844,1413 2146,1413"/>
                <TextEquiv>
                    <Unicode>angeschaffte dreyhundert gulden</Unicode>
                </TextEquiv>
            </TextLine>
            <TextLine id="tl_1750855959" custom="readingOrder {index:7;}">
                <Coords points="2361,1416 2363,1365 2316,1363 2255,1419 2024,1449 1823,1463 1423,1471 869,1469 844,1479 845,1548 853,1556 911,1575 1557,1577 1896,1569 2108,1557 2217,1543 2290,1524 2303,1507 2339,1486"/>
                <Baseline points="844,1537 2347,1537"/>
                <TextEquiv>
                    <Unicode>Raths Recompens idest 300 f -</Unicode>
                </TextEquiv>
            </TextLine>
            <TextLine id="tl_1750855968" custom="readingOrder {index:8;}">
                <Coords points="841,1684 2057,1684 2062,1802 841,1846"/>
                <Baseline points="841,1804 2057,1804"/>
                <TextEquiv>
                    <Unicode>Den 10. Ianuarii 692. Zalte ich</Unicode>
                </TextEquiv>
            </TextLine>
            <TextLine id="tl_1750855987" custom="readingOrder {index:9;}">
                <Coords points="2005,1859 2047,1794 2035,1790 1890,1840 1513,1846 1068,1865 888,1865 845,1873 837,1878 835,1938 850,1940 1119,1940 1218,1936 1671,1935 1736,1932 1913,1916 1996,1902 2005,1894"/>
                <Baseline points="835,1915 2005,1915"/>
                <TextEquiv>
                    <Unicode>herrn Frantzen Schreyer des</Unicode>
                </TextEquiv>
            </TextLine>
            <TextLine id="tl_1750855984" custom="readingOrder {index:10;}">
                <Coords points="2049,1941 2041,1934 2028,1932 1805,1932 1443,1940 1182,1949 922,1966 817,1979 811,1986 811,2032 820,2040 1505,2042 1888,2025 2027,2012 2045,2007 2049,2002"/>
                <Baseline points="811,2013 2049,2013"/>
                <TextEquiv>
                    <Unicode>aussen Raths vndt Gmr. Statt</Unicode>
                </TextEquiv>
            </TextLine>
            <TextLine id="tl_1750855956" custom="readingOrder {index:11;} unclear {offset:26;length:7;}">
                <Coords points="2124,2049 2146,2001 2122,1995 1616,2043 1299,2069 1151,2059 919,2062 849,2071 801,2086 797,2096 798,2152 1334,2153 2052,2122 2109,2114 2121,2108"/>
                <Baseline points="797,2121 2124,2121"/>
                <TextEquiv>
                    <Unicode>Secretario die Ihme den 3.   egst</Unicode>
                </TextEquiv>
            </TextLine>
            <TextLine id="tl_1750855961" custom="readingOrder {index:12;}">
                <Coords points="2082,2166 2080,2156 2073,2151 2017,2145 1642,2146 1433,2155 1130,2178 941,2179 879,2187 866,2194 835,2201 830,2209 831,2255 841,2261 889,2266 1300,2266 1891,2250 1968,2241 2079,2219"/>
                <Baseline points="830,2235 2082,2235"/>
                <TextEquiv>
                    <Unicode>Khomendten Febr. auf ain Iahr Ver</Unicode>
                </TextEquiv>
            </TextLine>
            <TextLine id="tl_1750855960" custom="readingOrder {index:13;}">
                <Coords points="2116,2258 2110,2251 2097,2248 2035,2247 1723,2259 1503,2261 1300,2278 898,2292 842,2299 838,2312 838,2341 841,2353 859,2358 1054,2367 1689,2368 1923,2359 2049,2348 2109,2333 2116,2323"/>
                <Baseline points="838,2337 2116,2337"/>
                <TextEquiv>
                    <Unicode>fallene Recompens mit Fünff vnd</Unicode>
                </TextEquiv>
            </TextLine>
            <TextLine id="tl_1750855969" custom="readingOrder {index:14;}">
                <Coords points="801,2376 2034,2376 2034,2498 801,2498"/>
                <Baseline points="801,2466 2034,2466"/>
                <TextEquiv>
                    <Unicode>Sibenzig gulden Inhalt quitung</Unicode>
                </TextEquiv>
            </TextLine>
            <TextLine id="tl_1750855951" custom="readingOrder {index:15;}">
                <Coords points="2338,2425 2315,2388 2300,2383 2254,2448 2134,2467 2082,2483 1885,2507 1621,2517 1378,2517 1099,2503 900,2503 839,2509 826,2516 825,2592 833,2598 1936,2599 2148,2592 2213,2581 2268,2562 2297,2538 2324,2529 2335,2511"/>
                <Baseline points="825,2560 2336,2560"/>
                <TextEquiv>
                    <Unicode>hiebey idest 75 f -</Unicode>
                </TextEquiv>
            </TextLine>
            <TextLine id="tl_1750855972" custom="readingOrder {index:16;}">
                <Coords points="755,2810 883,2826 1876,2826 1982,2816 2042,2804 2047,2799 2048,2733 2046,2722 2035,2716 1973,2711 1406,2703 1123,2692 893,2690 857,2694 812,2713 807,2724 806,2755 800,2779 771,2798 774,2807"/>
                <Baseline points="755,2792 2048,2792"/>
                <TextEquiv>
                    <Unicode>Dem 11. dito Zalte ich herrn Iona </Unicode>
                </TextEquiv>
            </TextLine>
            <TextLine id="line_1751010009531_1381" custom="readingOrder {index:17;} unclear {offset:18;length:3;}">
                <Coords points="845,2835 2043,2830 2065,2839 2062,2911 1956,2922 845,2921"/>
                <Baseline points="845,2899 2065,2899"/>
                <TextEquiv>
                    <Unicode>Gregorio Edmund Geöhner von</Unicode>
                </TextEquiv>
            </TextLine>
            <TextLine id="line_1751010012742_1388" custom="readingOrder {index:18;}">
                <Coords points="854,2924 1073,2923 1768,2929 2078,2919 2097,2924 2102,2932 2102,3000 2095,3013 2020,3025 1936,3030 1457,3031 953,3024 854,3018"/>
                <Baseline points="844,3003 2102,3003"/>
                <TextEquiv>
                    <Unicode>Grabenfeldt N.Ö. gehaimben hoff</Unicode>
                </TextEquiv>
            </TextLine>
            <TextLine id="line_1751010015633_1395" custom="readingOrder {index:19;}">
                <Coords points="879,3042 1051,3029 1422,3039 1662,3051 2048,3050 2062,3054 2097,3062 2097,3152 2057,3165 2035,3167 929,3165 820,3164"/>
                <Baseline points="842,3131 2068,3131"/>
                <TextEquiv>
                    <Unicode>Cantzley Expeditori die gewöhnliche</Unicode>
                </TextEquiv>
            </TextLine>
            <TextLine id="tl_1750855982" custom="readingOrder {index:20;}">
                <Coords points="950,3321 949,3447 954,3473 1003,3512 1076,3532 1638,3528 1681,3508 1730,3501 1757,3493 1907,3475 1942,3466 2020,3454 2021,3394 1949,3381 1876,3359 1812,3327 1769,3318 1649,3306 1471,3299 1372,3290 1059,3289 1003,3293 968,3302 956,3308"/>
                <Baseline points="949,3553 1955,3553"/>
                <TextEquiv>
                    <Unicode>Latus 375. f - " -</Unicode>
                </TextEquiv>
            </TextLine>
            <TextEquiv>
                <Unicode></Unicode>
            </TextEquiv>
        </TextRegion>
        <TextRegion id="region_248544051" custom="readingOrder {index:1;}">
            <Coords points="2428,0 4854,0 4854,4049 2428,4049"/>
            <TextLine id="tl_1750855957" custom="readingOrder {index:0;}">
                <Coords points="2765,581 2766,643 2775,650 2815,656 3608,657 3981,640 4034,625 4039,614 4038,531 4024,524 3979,512 3927,506 3875,508 3790,521 3706,527 3503,518 3312,532 3243,532 3074,509 2923,506 2835,511 2815,516 2800,531 2771,545"/>
                <Baseline points="2765,617 4039,617"/>
                <TextEquiv>
                    <Unicode>Neü Iahrs verEhrung mit Acht</Unicode>
                </TextEquiv>
            </TextLine>
            <TextLine id="tl_1750855988" custom="readingOrder {index:1;}">
                <Coords points="2771,666 3955,666 3955,770 2771,770"/>
                <Baseline points="2771,744 3955,744"/>
                <TextEquiv>
                    <Unicode>Zöhen Gulden Vermög quittung</Unicode>
                </TextEquiv>
            </TextLine>
            <TextLine id="tl_1750855991" custom="readingOrder {index:2;}">
                <Coords points="4638,795 4557,778 4534,772 4461,766 4349,747 4251,743 3895,747 3246,772 2924,775 2779,790 2770,799 2769,840 2780,852 2835,857 4092,850 4216,842 4532,836 4635,826"/>
                <Baseline points="2769,827 4562,827"/>
                <TextEquiv>
                    <Unicode>hiebey idest 18 f - " - "</Unicode>
                </TextEquiv>
            </TextLine>
            <TextLine id="tl_1750855975" custom="readingOrder {index:3;}">
                <Coords points="2747,1045 2749,1111 2760,1118 2803,1125 3153,1126 3355,1120 3937,1114 4043,1099 4051,1087 4051,1026 4047,1019 4024,1013 3346,993 3177,995 3136,989 3111,971 3096,966 3003,958 2855,961 2802,970 2795,976 2785,1001 2753,1025"/>
                <Baseline points="2747,1084 4051,1084"/>
                <TextEquiv>
                    <Unicode>Den 12. dito Zalte ich herrn Michael</Unicode>
                </TextEquiv>
            </TextLine>
            <TextLine id="tl_1750855966" custom="readingOrder {index:4;} unclear {offset:3;length:4;}">
                <Coords points="2756,1127 4018,1127 4018,1233 2756,1233"/>
                <Baseline points="2756,1205 4018,1205"/>
                <TextEquiv>
                    <Unicode>Schemaiß N.Ö. Reg. Taxatorn</Unicode>
                </TextEquiv>
            </TextLine>
            <TextLine id="tl_1750855989" custom="readingOrder {index:5;}">
                <Coords points="3967,1250 3963,1244 3895,1230 3629,1227 3404,1232 3193,1247 2965,1254 2790,1276 2785,1283 2785,1335 3104,1337 3584,1329 3707,1337 3886,1336 3921,1332 3965,1319"/>
                <Baseline points="2785,1308 3967,1308"/>
                <TextEquiv>
                    <Unicode>die Ihme ietzt Zum Neüen Iahr ge</Unicode>
                </TextEquiv>
            </TextLine>
            <TextLine id="tl_1750855967" custom="readingOrder {index:6;}">
                <Coords points="2779,1340 3965,1340 3965,1457 2779,1457"/>
                <Baseline points="2779,1427 3965,1427"/>
                <TextEquiv>
                    <Unicode>bührendte Funff Zehen gulden</Unicode>
                </TextEquiv>
            </TextLine>
            <TextLine id="tl_1750855952" custom="readingOrder {index:7;}">
                <Coords points="4560,1562 4559,1522 4520,1506 4473,1492 4418,1466 4405,1452 4394,1420 4365,1412 4295,1412 3991,1462 3871,1471 3355,1468 2891,1476 2842,1481 2781,1497 2769,1504 2765,1520 2768,1557 2778,1569 2854,1584 2933,1588 3248,1590 3579,1584 3954,1591 4371,1589 4501,1582 4519,1576"/>
                <Baseline points="2765,1544 4527,1544"/>
                <TextEquiv>
                    <Unicode>Vt quitung hiebey idest 15 f - " -</Unicode>
                </TextEquiv>
            </TextLine>
            <TextLine id="tl_1750855962" custom="readingOrder {index:8;}">
                <Coords points="4023,1721 3996,1712 3944,1704 3560,1698 3330,1726 3267,1726 3092,1704 2932,1705 2854,1717 2812,1730 2792,1760 2770,1769 2762,1778 2759,1827 2765,1838 2778,1843 2814,1845 3395,1844 3758,1823 3953,1817 4022,1811"/>
                <Baseline points="2759,1806 4001,1806"/>
                <TextEquiv>
                    <Unicode>Den 19 dito gab ich Ihro gnaden dem</Unicode>
                </TextEquiv>
            </TextLine>
            <TextLine id="tl_1750855958" custom="readingOrder {index:9;}">
                <Coords points="4070,1872 4064,1858 4047,1854 3753,1838 3000,1859 2802,1857 2755,1862 2737,1871 2734,1940 2737,1950 2745,1957 2791,1966 3072,1967 3253,1957 3431,1956 3566,1937 3813,1934 4051,1920 4069,1911"/>
                <Baseline points="2734,1934 4070,1934"/>
                <TextEquiv>
                    <Unicode>Neü Resoluirten herrn Burgerm.</Unicode>
                </TextEquiv>
            </TextLine>
            <TextLine id="tl_1750855965" custom="readingOrder {index:10;}">
                <Coords points="4061,1940 4055,1931 4041,1928 3968,1928 3599,1941 3513,1948 3439,1963 3377,1970 2807,2000 2756,2010 2741,2018 2742,2081 3083,2083 3307,2055 3457,2049 3573,2050 3705,2068 3767,2066 3947,2046 4004,2034 4021,2019 4058,2006"/>
                <Baseline points="2741,2042 4061,2042"/>
                <TextEquiv>
                    <Unicode>herrn Iohann Franzen Pykardt</Unicode>
                </TextEquiv>
            </TextLine>
            <TextLine id="tl_1750855976" custom="readingOrder {index:11;}">
                <Coords points="3955,2109 4004,2077 3988,2066 3898,2081 3739,2086 3627,2075 3537,2071 3271,2078 3211,2085 3172,2094 3147,2106 3053,2123 2838,2130 2728,2145 2720,2155 2722,2195 2734,2197 3196,2197 3808,2174 3910,2163 3918,2156 3946,2145 3953,2131"/>
                <Baseline points="2720,2164 3955,2164"/>
                <TextEquiv>
                    <Unicode>wegen in Rahmen Gmr. Statt itzt</Unicode>
                </TextEquiv>
            </TextLine>
            <TextLine id="tl_1750855953" custom="readingOrder {index:12;}">
                <Coords points="4053,2191 4041,2182 3990,2178 3700,2181 3405,2191 2784,2226 2724,2235 2723,2296 2728,2305 3175,2308 3494,2295 3841,2293 3966,2302 4039,2311 4048,2301"/>
                <Baseline points="2723,2274 4053,2274"/>
                <TextEquiv>
                    <Unicode>Zum Neün Iahr vndterschidlich habenden</Unicode>
                </TextEquiv>
            </TextLine>
            <TextLine id="line_1751010076764_1429" custom="readingOrder {index:13;}">
                <Coords points="2734,2368 2742,2360 2790,2349 2878,2338 3438,2305 3768,2300 3846,2306 3957,2302 3957,2373 3678,2406 3292,2407 3081,2420 2779,2420 2744,2417 2735,2411"/>
                <Baseline points="2734,2390 3957,2390"/>
                <TextEquiv>
                    <Unicode>auß thaill vndt verEhrungen</Unicode>
                </TextEquiv>
            </TextLine>
            <TextLine id="tl_1750855981" custom="readingOrder {index:14;}">
                <Coords points="3963,2475 3956,2457 3940,2453 3928,2435 3923,2418 3911,2412 3769,2412 3553,2421 3218,2424 3137,2430 3015,2450 2777,2456 2741,2464 2731,2470 2729,2523 2739,2530 2775,2533 3288,2530 3446,2521 3744,2524 3812,2519 3946,2500 3962,2492"/>
                <Baseline points="2729,2502 3963,2502"/>
                <TextEquiv>
                    <Unicode>die gewöhnliche 100. Reichs thlr. in</Unicode>
                </TextEquiv>
            </TextLine>
            <TextLine id="tl_1750855955" custom="readingOrder {index:15;}">
                <Coords points="4011,2548 4012,2507 3998,2501 3819,2529 3636,2525 3393,2530 2836,2556 2785,2562 2730,2577 2723,2591 2723,2650 2728,2659 2746,2661 3193,2660 3575,2631 3940,2614 4006,2600 4011,2588"/>
                <Baseline points="2723,2627 4011,2627"/>
                <TextEquiv>
                    <Unicode>Specie Welche sambt Laggio a per</Unicode>
                </TextEquiv>
            </TextLine>
            <TextLine id="tl_1750855978" custom="readingOrder {index:16;} unclear {offset:3;length:3;}">
                <Coords points="3915,2653 3913,2647 3905,2642 3865,2639 3535,2645 3296,2662 3140,2688 3009,2683 2813,2692 2796,2702 2796,2751 2799,2758 2809,2764 2979,2764 3054,2754 3128,2749 3178,2751 3244,2760 3382,2761 3788,2746 3868,2735 3903,2721 3912,2712"/>
                <Baseline points="2796,2732 3915,2732"/>
                <TextEquiv>
                    <Unicode>15 kr. Ainhundert</Unicode>
                </TextEquiv>
            </TextLine>
            <TextLine id="tl_1750855973" custom="readingOrder {index:17;}">
                <Coords points="3980,2783 3926,2728 3838,2753 3508,2768 3320,2775 3074,2770 3016,2773 2782,2814 2769,2825 2737,2840 2734,2890 2740,2897 2945,2900 3212,2890 3693,2883 3818,2864 3979,2846"/>
                <Baseline points="2734,2866 3980,2866"/>
                <TextEquiv>
                    <Unicode>Fünff vndt Sibentzig gulden</Unicode>
                </TextEquiv>
            </TextLine>
            <TextLine id="tl_1750855954" custom="readingOrder {index:18;}">
                <Coords points="3986,2891 3983,2886 3957,2881 3834,2881 3698,2889 3477,2894 3132,2913 2807,2923 2762,2933 2750,2940 2744,2967 2745,3011 2748,3018 3129,3020 3645,2995 3924,2989 3969,2982 3983,2972"/>
                <Baseline points="2744,2983 3986,2983"/>
                <TextEquiv>
                    <Unicode>auß tragen vermög quitung</Unicode>
                </TextEquiv>
            </TextLine>
            <TextLine id="tl_1750855977" custom="readingOrder {index:19;}">
                <Coords points="4538,3060 4537,3022 4528,3011 4475,2991 4448,2972 4404,2955 4322,2954 4218,2964 4076,2966 3868,2991 3541,3008 3467,3016 3459,3021 3455,3030 3457,3050 3466,3062 3506,3075 3584,3083 3622,3094 3666,3099 3883,3111 4248,3109 4321,3097 4520,3075 4531,3071"/>
                <Baseline points="3455,3071 4538,3071"/>
                <TextEquiv>
                    <Unicode>hiebey idest 175 f - " -</Unicode>
                </TextEquiv>
            </TextLine>
            <TextLine id="tl_1750855985" custom="readingOrder {index:20;}">
                <Coords points="2828,3346 2835,3368 2847,3375 2882,3383 3066,3379 3330,3385 3536,3383 3673,3358 3942,3325 3953,3316 3954,3280 3951,3264 3908,3247 3790,3219 3695,3204 3352,3185 3135,3180 2930,3181 2878,3192 2836,3228 2829,3264"/>
                <Baseline points="2828,3333 3954,3333"/>
                <TextEquiv>
                    <Unicode>Latus 208 f - " -</Unicode>
                </TextEquiv>
            </TextLine>
            <TextEquiv>
                <Unicode></Unicode>
            </TextEquiv>
        </TextRegion>
    </Page>
</PcGts>
