4859 4049
903 573 2379 789 Laadtschreiben hibey idest 18. f - " -
841 939 2136 1146 Den 9. Iunii Zalte ich der Maria
848 1143 2115 1250 Magdalena Rappin Wittib das ihr
868 1243 2198 1361 an heundt verfallene 12. Wochent.
869 1348 2103 1467 Prouisions geldt mit Zwölff
869 1479 2128 1612 gulden Lauth quitung hibey
1864 1508 2369 1693 idest 12 f - " -
840 1808 2127 1959 Den 30. Iulii Gab ich herrn Iacob
836 1960 2121 2077 Ignatii Fockhii Phi. Mag. vnndt
815 2079 2118 2187 Med. Candiaten die von Einem
850 2185 2114 2282 Löb. Statt Rath denselben Wegen
814 2281 2155 2401 Dedicirter Theses Zu Einer danckh
811 2385 2144 2493 bahren gegen Erkandtnuß ange
843 2489 2170 2618 schaffte drey Zehen fache Raths pfening
839 2618 2101 2736 Welche in Müntz sambt Laggio a
833 2743 2096 2851 per 42 kr. Zusamben auß tragen
819 2854 2080 2962 Ainhundert aylff gulden
813 2980 2147 3085 gegen berathschlagten anbringen
827 2966 2359 3202 vnndt quitung hiebey idest 111 f -
949 3296 1970 3499 Latus 141 f - " - "
2758 538 3988 710 Den 4. Aug. Zalte ich denen herrn P. P.
2730 702 3979 825 Augustinern bey Maria Loreth alhir
2732 809 4019 921 in der Statt die von Einem Löb. Statt
2714 914 3960 1025 Rath dennselben Zuer angestelten
2724 1019 3983 1130 Solemnitet des Canonzirten Heyl.
2720 1119 3927 1223 Ioannis a S. Facundo alß aine
2726 1222 3880 1332 Beyhilff angeschaffte Funfftzig
2727 1323 3997 1437 gulden Inhalt quitung vndt berath
2743 1338 4560 1558 schlagten anbringen hiebey idest 50 f - " -
2662 1665 3957 1802 Den 17. dito Zalte ich auch denen herrn
2696 1785 4044 1915 P. P. Augustinern auf der Landtstraß
2710 1903 3976 2019 die Ihnen Ebenmässig Zu begehung
2695 1987 4063 2125 Ihrer Festiuitet angeschaffte Funff
2700 2112 3982 2238 Zig gulden vermög quitung vndt
2717 2238 3976 2366 berathschlagten anbringen hiebey
3021 2265 4602 2469 idest 50 f - " -
2717 2559 4040 2695 Den 18. dito Gabe ich dem herrn Geörg
2696 2674 3956 2802 Altschoffer der Röm. Kay. May.
2708 2771 3949 2895 Rath vndt vnndter Statt Camerern
2716 2877 4003 3003 die von Einem Löb. Statt Rath den
2730 2978 4028 3122 selben auf daß 690.te Iahr wegen
2872 3206 3983 3377 Latus 100 f - " - "
