4846 4066
856 612 2165 778 Zuer danckhbahrlichen Gegen Er
884 759 2160 865 Kandtnuß angeschaffte dreyssig
866 866 2113 979 gulden Crafft berathschlagten
871 960 2153 1067 anbringen vndt darauf gestelte
870 999 2369 1198 quitung hiebey idest 30 f -
856 1391 2177 1541 Den 6. Decemb. Zalte ich herrn Iacob
875 1511 2183 1637 Rudolph von Kinfen die von Einem
850 1637 2187 1752 Löb. Statt Rath denselben Wegen
852 1742 2102 1862 der eingerichten bibliothec über
855 1857 2080 1983 das so Er bereits Empfangen
869 1952 2155 2103 dannach angeschaffte Funfftzig
864 2089 2135 2209 Gulden gegen quitung vndt be
858 2206 2132 2320 rathschlagten anbringen hiebey
951 2184 2367 2403 idest 50 f - " -
806 2481 2136 2641 Den 22 dito Zalte ich dem Wolff
840 2633 2122 2754 Anden Schöllhamber Recessisten
827 2745 2163 2859 bey gmr. Statt Cantzley die Ihme
826 2861 2085 2972 von Einem Löb. Statt Rath Zu
843 2977 2106 3104 einer beyhülff Wegen bißhero
885 3042 2203 3237 so wohl bey der Cantzley alß dinst
1022 3319 2066 3485 Latus 80. f - " -
2755 515 3955 686 Botten ght. verrichten diensten
2748 701 3895 811 auch den selbiger seinem fliß
2746 809 3918 927 nach verer Continuirn solle
2721 929 3990 1058 angeschaffte dreyssig gulden
2736 1067 3958 1173 Lauth Berathschlagten anbringen
2721 1173 3918 1298 vndt darauf gestelte quitung
2719 1197 4597 1423 hiebey idest 30 f - " -
2698 1536 3957 1730 Den Letzten dito Bringe ich per auß
2719 1715 3970 1831 gab die Ihro Exell. herrn herrn
2676 1824 4003 1951 Graffen Geörger Statthaltern etc
2711 1899 4043 2063 Ietzt Zum Neün Iahr an statt der
2710 2049 3880 2180 hieuor Gewöhnlich verEheten
2716 2172 4010 2284 Landtanin in Paarem Geldt ange
2723 2253 4095 2390 händigte ainhundert vndt Funff
2700 2323 4644 2518 Zig gulden idest 150. f - " -
2735 2605 3991 2787 Deßgleichen Ihro Gnaden Hh. Graffen
2748 2758 4004 2893 von Heissenstein vice Statthaltern
2717 2878 3956 3022 Ainhundert Gulden rh.
3777 2941 4613 3110 idest 100 f - " -
2898 3186 3999 3383 Latus 280 f - " - "
