4823 4046
899 615 2153 765 obgehabter extra Münchwaltung
881 770 2176 879 der Instelt Schmeltz halber angeschaffte
882 880 2089 990 100 f. sambt einen Zehen fach Raths
866 988 2192 1093 pfening so sambt Laggio a per 42 t
879 1097 2116 1196 37. f außtragt in beeden Posten
876 1195 2183 1296 aber Ainhundert Siben vndt
861 1298 2197 1415 dreyssig gulden Crafft berathschlagten
882 1418 2169 1525 anbringen vnndt darauf gestelter
873 1454 2349 1631 quitung idest 137. f -
806 1715 2158 1853 Den 23. dito Zalte ich dem Barmbher
825 1800 2182 1962 Zigen Brüedern enthalb der Schlagbr.
812 1950 2115 2062 Wegen ihrer angestelten Canoni
824 1997 2186 2147 Zations Solemnitet Ihres ordens
825 2156 2101 2266 Stiffter des Hey. Ioannis de Deo
851 2216 2191 2355 die von Einem Löb. Statt Rath Zu
855 2361 2089 2476 einer Beyhülff angeschaffte dreyssig
836 2475 2117 2591 gulden Lauth Berathschlagten anbringen
850 2488 2338 2707 vnndt quitung hiebey idest 30 f -
777 2779 2091 2913 Den 25 d. Zalte ich herrn Nicolao
791 2915 2059 3022 Horrer I. V. E. wegen Einem
791 3010 2133 3127 Löb. Statt Rath Dedicirter Iurio
777 3123 2088 3255 disten Exemplarii die Zuer dankh
1007 3343 2133 3575 Latus 167 f - " - "
2687 567 4041 717 bahrlichen Gegen Erkandtnuß ange
2689 715 4057 827 schaffte Neün gulden gegen Be
2681 814 4077 935 rathschlagten anbringen vnndt quit.
2672 910 4571 1049 hiebey idest 9. f - " -
2662 1130 4042 1304 Den 27. dito Bringe ich Per Ausgab Wegen
2678 1257 4025 1403 der anheüer vorgenohmener hüetter
2691 1351 4099 1518 sarung vmb Zum außschith für thails
2689 1493 4153 1620 Hohe orth vndt Einem Löb. Statt Rath
2695 1605 4017 1732 von herrn Iohann Frantz Prister
2703 1721 4044 1876 sperger Burg. Handlßman erkauffte
2708 1861 4001 2002 286 ¾ kr  Ein Zugger den Ennten
2708 1966 4043 2121 accordicter massen per 48. f der Ihme
2685 2054 4130 2250 destwegen Zuständige 137. f wie auch
2683 2220 4027 2351 dem Manfre Zuanischen Erben vmb
2709 2338 4041 2475 40. tl. Citroni à 45 kr. Benendt.
2698 2456 4085 2608 30 f. in Beeden Post aber Ainhun
2690 2594 4063 2726 dert Siben vndt Sechzig gulden
2702 2714 4133 2847 resst Zweyer Quitungen vndt Raths Pas
2676 2738 4666 2946 sierung hiebey idest 167 f - " -
2738 2989 4020 3145 Den Letzten dito Zalte ich obgedachten
2947 3211 4015 3445 Latus 176 f - " -
