<?xml version="1.0" encoding="UTF-8" standalone="yes"?>
<PcGts xmlns="http://schema.primaresearch.org/PAGE/gts/pagecontent/2013-07-15">
    <Metadata>
        <Creator>prov=READ-COOP:name=PyLaia@TranskribusPlatform:version=2.27.0:model_id=364005:lm=provided:date=01_07_2025_11:13</Creator>
        <Created>2025-06-17T09:10:45.403+02:00</Created>
        <LastChange>2025-08-29T10:15:41.156+02:00</LastChange>
        <TranskribusMetadata docId="9075976" pageId="99166810" pageNr="277" status="GT" userId="261754" imgUrl="https://files.transkribus.eu/Get?id=UYVIHGSHFPBWWPXKRLOWRYZJ&amp;fileType=view" imageId="83202727"/>
    </Metadata>
    <Page imageFilename="99166810.tif" imageWidth="4862" imageHeight="4039">
        <TextRegion id="region_148624039" custom="readingOrder {index:0;}">
            <Coords points="0,0 2431,0 2431,4039 0,4039"/>
            <TextLine id="tl_1750855985" custom="readingOrder {index:0;}">
                <Coords points="706,764 709,784 722,801 763,834 1121,805 1235,799 1639,802 1871,797 1972,791 2081,772 2086,766 2086,696 2077,685 2032,676 1867,657 1600,663 1028,643 876,643 825,647 773,657 758,664 748,678 740,716 718,738"/>
                <Baseline points="706,763 2086,763"/>
                <TextEquiv>
                    <Unicode>Den 4. Octob. bringe ich pr. Ausgab</Unicode>
                </TextEquiv>
            </TextLine>
            <TextLine id="tl_1750855955" custom="readingOrder {index:1;}">
                <Coords points="704,919 709,925 730,927 1366,925 1817,912 1914,904 1973,888 2056,877 2061,866 2061,822 2058,812 2045,808 1373,808 1161,811 816,828 763,833 711,849 702,863"/>
                <Baseline points="702,895 2061,895"/>
                <TextEquiv>
                    <Unicode>das Iährlich gewöhnliche Saltz Deputat</Unicode>
                </TextEquiv>
            </TextLine>
            <TextLine id="tl_1750855971" custom="readingOrder {index:2;} unclear {offset:29;length:7;}">
                <Coords points="2074,919 2079,873 2004,895 766,950 714,966 705,973 700,1024 709,1042 722,1052 1016,1042 1246,1033 1477,1038 1714,1028 2070,982 2074,978"/>
                <Baseline points="700,1007 2074,1007"/>
                <TextEquiv>
                    <Unicode>Welches an heüer Zwahr nicht in naa.</Unicode>
                </TextEquiv>
            </TextLine>
            <TextLine id="tl_1750855953" custom="readingOrder {index:3;}">
                <Coords points="2095,1005 2084,1000 1999,1021 1570,1047 1226,1046 769,1064 702,1080 698,1088 697,1135 710,1145 1171,1146 1492,1138 1724,1145 1934,1131 2022,1122 2070,1111 2080,1099"/>
                <Baseline points="697,1114 2080,1114"/>
                <TextEquiv>
                    <Unicode>sondern auf Verlangen Eines Löb.</Unicode>
                </TextEquiv>
            </TextLine>
            <TextLine id="tl_1750855970" custom="readingOrder {index:4;}">
                <Coords points="2001,1142 1981,1136 1704,1144 1552,1141 1136,1152 748,1155 700,1160 681,1166 677,1181 677,1235 681,1242 1517,1244 1785,1237 1945,1220 1994,1210 2003,1202"/>
                <Baseline points="677,1217 2003,1217"/>
                <TextEquiv>
                    <Unicode>Statt Raths Iedem herrn sambt</Unicode>
                </TextEquiv>
            </TextLine>
            <TextLine id="tl_1750855962" custom="readingOrder {index:5;}">
                <Coords points="2050,1251 2034,1243 773,1250 722,1256 703,1264 702,1336 710,1346 1187,1347 1844,1332 2043,1307 2050,1300"/>
                <Baseline points="702,1321 2050,1321"/>
                <TextEquiv>
                    <Unicode>thaills herrn officiern mit Paarem</Unicode>
                </TextEquiv>
            </TextLine>
            <TextLine id="tl_1750855983" custom="readingOrder {index:6;}">
                <Coords points="2072,1344 2064,1337 1991,1336 1750,1345 891,1353 760,1360 708,1374 694,1382 690,1443 692,1451 1068,1453 1255,1445 1585,1443 1727,1450 1855,1448 2001,1434 2061,1421 2072,1409"/>
                <Baseline points="690,1423 2072,1423"/>
                <TextEquiv>
                    <Unicode>geldt abgestattet worden benenndtlichen</Unicode>
                </TextEquiv>
            </TextLine>
            <TextLine id="tl_1750855978" custom="readingOrder {index:7;}">
                <Coords points="673,1448 2078,1448 2078,1570 673,1570"/>
                <Baseline points="673,1538 2078,1538"/>
                <TextEquiv>
                    <Unicode>dreyhundert ain gulden 4 s. der</Unicode>
                </TextEquiv>
            </TextLine>
            <TextLine id="tl_1750855964" custom="readingOrder {index:8;}">
                <Coords points="2135,1571 2146,1497 2138,1492 2046,1552 1702,1565 795,1580 711,1587 688,1593 686,1642 693,1659 754,1668 1574,1669 1848,1664 2003,1654 2071,1645 2133,1619"/>
                <Baseline points="686,1639 2135,1639"/>
                <TextEquiv>
                    <Unicode>Saltzmacher aber Ihr sonst gewöhnliches</Unicode>
                </TextEquiv>
            </TextLine>
            <TextLine id="tl_1750855976" custom="readingOrder {index:9;}">
                <Coords points="697,1669 2093,1669 2031,1744 697,1781"/>
                <Baseline points="697,1753 2093,1753"/>
                <TextEquiv>
                    <Unicode>Laadt geldt mit 1. f 4 s. Bleibt gmr.</Unicode>
                </TextEquiv>
            </TextLine>
            <TextLine id="tl_1750855980" custom="readingOrder {index:10;}">
                <Coords points="2384,1669 2379,1599 2305,1638 2271,1693 2241,1719 2079,1733 1941,1750 1684,1798 1434,1804 1313,1800 1139,1785 772,1787 698,1806 690,1814 687,1866 699,1883 748,1887 1481,1887 1869,1873 2007,1853 2173,1840 2298,1814 2366,1769 2374,1745"/>
                <Baseline points="687,1831 2375,1831"/>
                <TextEquiv>
                    <Unicode>Statt in handen idest 301. f 4 s</Unicode>
                </TextEquiv>
            </TextLine>
            <TextLine id="tl_1750855963" custom="readingOrder {index:11;}">
                <Coords points="629,2120 638,2139 704,2146 1354,2145 1981,2130 2047,2121 2063,2108 2097,2097 2106,2076 2127,2031 2138,1999 2127,1994 2035,2006 1768,2025 1409,2018 1213,2021 931,1996 742,1994 689,2002 670,2028 636,2047 629,2070"/>
                <Baseline points="629,2108 2106,2108"/>
                <TextEquiv>
                    <Unicode>Den 6. dito Zalte ich dem Simon Hirsch</Unicode>
                </TextEquiv>
            </TextLine>
            <TextLine id="tl_1750855961" custom="readingOrder {index:12;}">
                <Coords points="2058,2160 2054,2152 2039,2147 1951,2143 765,2157 727,2166 701,2185 697,2198 697,2241 710,2250 756,2260 906,2269 1328,2275 1446,2269 1657,2270 1791,2264 1906,2253 2048,2223 2058,2212"/>
                <Baseline points="697,2242 2058,2242"/>
                <TextEquiv>
                    <Unicode>man Hauß Khnecht im Rathhauß die</Unicode>
                </TextEquiv>
            </TextLine>
            <TextLine id="tl_1750855956" custom="readingOrder {index:13;}">
                <Coords points="2134,2233 2126,2226 2093,2245 2035,2246 1679,2268 769,2288 745,2292 728,2303 695,2311 689,2319 688,2357 692,2366 1434,2367 1943,2358 2049,2347 2112,2326 2116,2319"/>
                <Baseline points="688,2335 2116,2335"/>
                <TextEquiv>
                    <Unicode>Ihme von Einem Löb. Statt Rath Zu</Unicode>
                </TextEquiv>
            </TextLine>
            <TextLine id="tl_1750855954" custom="readingOrder {index:14;} unclear {offset:15;length:8;}">
                <Coords points="2037,2411 2027,2391 2010,2381 1984,2373 1941,2370 1435,2371 1136,2380 1001,2389 737,2388 689,2395 686,2462 689,2470 698,2476 746,2483 1278,2483 1857,2474 1921,2470 2004,2453 2031,2435"/>
                <Baseline points="686,2454 2037,2454"/>
                <TextEquiv>
                    <Unicode>Einen Hochzeith Præsent angeschaffte</Unicode>
                </TextEquiv>
            </TextLine>
            <TextLine id="tl_1750855982" custom="readingOrder {index:15;}">
                <Coords points="2090,2476 2085,2468 1958,2467 769,2494 719,2503 705,2510 703,2583 706,2588 1824,2587 1928,2576 2081,2549 2090,2538"/>
                <Baseline points="703,2557 2090,2557"/>
                <TextEquiv>
                    <Unicode>Neün gulden auf sein Berathschlagtes</Unicode>
                </TextEquiv>
            </TextLine>
            <TextLine id="tl_1750855981" custom="readingOrder {index:16;}">
                <Coords points="2125,2599 2121,2589 2108,2584 2043,2583 1693,2594 1136,2602 781,2614 711,2625 705,2633 704,2681 709,2692 726,2696 841,2702 1766,2702 2052,2693 2107,2670 2121,2657 2125,2647"/>
                <Baseline points="704,2670 2125,2670"/>
                <TextEquiv>
                    <Unicode>anbringen vndt darauf gestelte quit</Unicode>
                </TextEquiv>
            </TextLine>
            <TextLine id="tl_1750855984" custom="readingOrder {index:17;}">
                <Coords points="700,2821 724,2824 1298,2824 1449,2821 1802,2801 2045,2803 2061,2833 2145,2838 2207,2809 2376,2652 2365,2549 2060,2672 1742,2727 1444,2728 783,2709 722,2714 699,2724"/>
                <Baseline points="699,2793 2275,2793"/>
                <TextEquiv>
                    <Unicode>ung hiebey idest 9. f -</Unicode>
                </TextEquiv>
            </TextLine>
            <TextLine id="tl_1750855969" custom="readingOrder {index:18;}">
                <Coords points="706,3106 706,3139 729,3155 785,3168 891,3177 1858,3178 2010,3163 2067,3152 2107,3141 2107,3028 2073,3014 2059,3004 2014,2999 1850,3015 1660,3026 1382,3030 1242,3025 1130,3006 1079,2989 1040,2969 952,2961 790,2960 750,2972 737,2992 731,3012 723,3041"/>
                <Baseline points="688,3122 2076,3122"/>
                <TextEquiv>
                    <Unicode>Den 12. 9br. Zalte Ich herrn Peter</Unicode>
                </TextEquiv>
            </TextLine>
            <TextLine id="tl_1750855974" custom="readingOrder {index:19;}">
                <Coords points="2067,3395 2034,3367 2003,3334 1998,3288 1985,3277 1971,3274 1845,3273 1695,3284 1042,3292 988,3304 952,3318 939,3336 915,3356 906,3385 905,3464 908,3482 917,3492 958,3516 1096,3549 1115,3561 1125,3574 1150,3585 1307,3590 1533,3587 1654,3547 1731,3533 1777,3529 1905,3503 2029,3486 2036,3482"/>
                <Baseline points="905,3510 2038,3510"/>
                <TextEquiv>
                    <Unicode>Latus 310. f 4 s - "</Unicode>
                </TextEquiv>
            </TextLine>
            <TextEquiv>
                <Unicode></Unicode>
            </TextEquiv>
        </TextRegion>
        <TextRegion id="region_248624039" custom="readingOrder {index:1;}">
            <Coords points="2431,0 4862,0 4862,4039 2431,4039"/>
            <TextLine id="tl_1750855946" custom="readingOrder {index:0;} unclear {offset:0;length:6;}">
                <Coords points="2766,669 2771,676 2792,679 3282,679 3466,671 3778,671 3966,644 3969,583 3958,571 3936,568 3690,558 3540,544 3334,543 3186,533 3125,524 3078,510 3068,502 3060,483 3012,466 2994,465 2946,474 2933,492 2897,506 2888,532 2857,544 2844,564 2818,571 2801,591 2776,603 2768,614"/>
                <Baseline points="2766,624 3969,624"/>
                <TextEquiv>
                    <Unicode>Suamth die Ihme Von Einem</Unicode>
                </TextEquiv>
            </TextLine>
            <TextLine id="tl_1750855958" custom="readingOrder {index:1;}">
                <Coords points="4011,695 3999,684 3961,677 3853,676 3778,680 3477,681 3120,694 2854,698 2796,709 2794,764 2798,771 2830,775 2997,775 3078,779 3448,779 3765,773 4004,748 4011,746"/>
                <Baseline points="2794,751 4007,751"/>
                <TextEquiv>
                    <Unicode>Löb. Statt Rath Wegen Gethaner</Unicode>
                </TextEquiv>
            </TextLine>
            <TextLine id="tl_1750855975" custom="readingOrder {index:2;}">
                <Coords points="4003,790 3996,783 3956,780 3437,784 3181,790 2886,788 2834,795 2813,807 2784,814 2779,826 2779,865 2783,870 2802,874 2996,882 3294,883 3397,879 3517,883 3720,882 3912,864 3998,850 4003,844"/>
                <Baseline points="2779,855 4003,855"/>
                <TextEquiv>
                    <Unicode>einladung Zu seinem Ersten hey</Unicode>
                </TextEquiv>
            </TextLine>
            <TextLine id="tl_1750855951" custom="readingOrder {index:3;}">
                <Coords points="3994,897 3986,890 3969,887 3750,883 3584,892 3295,891 2991,900 2819,915 2766,925 2761,932 2763,991 3273,992 3439,986 3575,992 3743,991 3795,986 3833,974 3989,952 3994,949"/>
                <Baseline points="2761,964 3994,964"/>
                <TextEquiv>
                    <Unicode>Meß opffer Zuer verEhrung an</Unicode>
                </TextEquiv>
            </TextLine>
            <TextLine id="tl_1750855948" custom="readingOrder {index:4;}">
                <Coords points="3990,1017 3982,1008 3942,1004 3664,1009 3522,998 3286,1000 2989,1011 2810,1033 2758,1044 2752,1052 2752,1107 2756,1115 2773,1117 3032,1116 3175,1109 3367,1107 3570,1095 3705,1097 3927,1085 3977,1079 3989,1074"/>
                <Baseline points="2752,1085 3990,1085"/>
                <TextEquiv>
                    <Unicode>geschaffte Achtzehen gulden</Unicode>
                </TextEquiv>
            </TextLine>
            <TextLine id="tl_1750855952" custom="readingOrder {index:5;}">
                <Coords points="4001,1132 3997,1124 3983,1120 3903,1114 3486,1112 3025,1128 2889,1140 2792,1166 2775,1176 2774,1206 2779,1216 3219,1217 3805,1190 3990,1172 4001,1164"/>
                <Baseline points="2774,1190 4001,1190"/>
                <TextEquiv>
                    <Unicode>Lauth berathschlagten anbringen</Unicode>
                </TextEquiv>
            </TextLine>
            <TextLine id="tl_1750855977" custom="readingOrder {index:6;}">
                <Coords points="3966,1211 3948,1207 3813,1205 3454,1213 3214,1222 3020,1234 2820,1239 2779,1246 2768,1252 2765,1312 2773,1320 2810,1324 3301,1325 3471,1317 3933,1305 3950,1298 3966,1290"/>
                <Baseline points="2765,1295 3953,1295"/>
                <TextEquiv>
                    <Unicode>vnndt darauf gestelter quitung</Unicode>
                </TextEquiv>
            </TextLine>
            <TextLine id="tl_1750855966" custom="readingOrder {index:7;}">
                <Coords points="4552,1337 4538,1328 4438,1307 4377,1277 4364,1247 4320,1239 3885,1306 3309,1342 2908,1342 2787,1348 2756,1359 2753,1413 2766,1426 3127,1429 3553,1416 4148,1424 4533,1388 4553,1377"/>
                <Baseline points="2753,1380 4553,1380"/>
                <TextEquiv>
                    <Unicode>hiebey idest 18. f - " -</Unicode>
                </TextEquiv>
            </TextLine>
            <TextLine id="tl_1750855960" custom="readingOrder {index:8;}">
                <Coords points="2711,1696 2721,1720 2750,1732 3056,1734 3380,1717 3527,1720 3654,1704 3932,1684 3941,1677 3939,1617 3921,1611 3667,1596 3441,1593 3303,1596 3118,1615 3070,1607 3049,1585 3010,1574 2815,1575 2769,1584 2752,1594 2742,1617 2720,1639 2712,1653"/>
                <Baseline points="2711,1694 3941,1694"/>
                <TextEquiv>
                    <Unicode>Den 24. dito Zalte ich der Maria</Unicode>
                </TextEquiv>
            </TextLine>
            <TextLine id="tl_1750855967" custom="readingOrder {index:9;}">
                <Coords points="3972,1717 3968,1710 3944,1707 3807,1709 3584,1720 3326,1727 3054,1753 2786,1755 2738,1764 2736,1810 2741,1818 2763,1820 3135,1820 3421,1809 3863,1812 3919,1804 3938,1792 3967,1783 3972,1766"/>
                <Baseline points="2736,1791 3972,1791"/>
                <TextEquiv>
                    <Unicode>Magdalena Rappin Wittib das ihr</Unicode>
                </TextEquiv>
            </TextLine>
            <TextLine id="tl_1750855968" custom="readingOrder {index:10;}">
                <Coords points="2752,1923 2756,1931 2780,1933 3261,1932 3487,1917 3655,1915 3910,1896 3919,1889 3919,1854 3907,1846 3864,1838 3740,1825 3320,1824 3177,1828 2887,1852 2766,1870 2753,1879"/>
                <Baseline points="2752,1905 3919,1905"/>
                <TextEquiv>
                    <Unicode>an heündt auf 12. Wochen Ver</Unicode>
                </TextEquiv>
            </TextLine>
            <TextLine id="tl_1750855965" custom="readingOrder {index:11;}">
                <Coords points="3926,1928 3919,1921 3905,1918 3693,1918 3440,1927 3119,1946 3018,1962 2811,1977 2794,1984 2772,1987 2765,1992 2764,2037 2782,2039 3287,2038 3609,2024 3873,1991 3916,1979 3925,1970"/>
                <Baseline points="2764,2008 3926,2008"/>
                <TextEquiv>
                    <Unicode>fallene Profisions geldt mit</Unicode>
                </TextEquiv>
            </TextLine>
            <TextLine id="tl_1750855972" custom="readingOrder {index:12;}">
                <Coords points="3933,2098 3926,2060 3901,2047 3887,2034 3869,2028 3776,2027 3571,2037 3177,2047 3006,2061 2774,2069 2734,2080 2727,2086 2724,2147 2726,2158 2735,2165 2783,2169 3535,2166 3658,2149 3738,2144 3787,2148 3922,2126 3931,2115"/>
                <Baseline points="2724,2132 3933,2132"/>
                <TextEquiv>
                    <Unicode>Zwölff gulden gegen quitung</Unicode>
                </TextEquiv>
            </TextLine>
            <TextLine id="tl_1750855973" custom="readingOrder {index:13;}">
                <Coords points="4596,2183 4555,2166 4441,2139 4396,2119 4380,2101 4376,2073 4332,2064 4254,2072 4138,2105 3881,2136 3281,2184 2819,2194 2747,2202 2737,2210 2734,2225 2721,2294 2735,2304 2815,2290 4116,2257 4240,2252 4536,2223 4592,2212"/>
                <Baseline points="2734,2211 4565,2211"/>
                <TextEquiv>
                    <Unicode>hiebey idest 12 f - " -</Unicode>
                </TextEquiv>
            </TextLine>
            <TextLine id="tl_1750855945" custom="readingOrder {index:14;}">
                <Coords points="2721,2497 2724,2526 2731,2533 3053,2535 3405,2511 3526,2506 3739,2505 3861,2490 3956,2470 3966,2461 3966,2397 3955,2390 3905,2385 3697,2389 3531,2382 3401,2383 3230,2394 3139,2384 3095,2372 2999,2372 2888,2386 2816,2404 2770,2427 2756,2449 2728,2464 2723,2474"/>
                <Baseline points="2721,2492 3966,2492"/>
                <TextEquiv>
                    <Unicode>Den 26. dito Zalte ich dem herrn</Unicode>
                </TextEquiv>
            </TextLine>
            <TextLine id="tl_1750855949" custom="readingOrder {index:15;}">
                <Coords points="3952,2514 3947,2508 3932,2505 3764,2516 3533,2512 3366,2521 3265,2535 3065,2553 2811,2560 2764,2570 2752,2577 2750,2632 3035,2633 3386,2607 3677,2600 3845,2586 3950,2570"/>
                <Baseline points="2750,2601 3952,2601"/>
                <TextEquiv>
                    <Unicode>P. P. Dominicanern Wegen des</Unicode>
                </TextEquiv>
            </TextLine>
            <TextLine id="tl_1750855957" custom="readingOrder {index:16;}">
                <Coords points="3982,2614 3973,2609 3933,2606 3581,2612 3378,2622 3232,2636 2941,2652 2751,2678 2743,2687 2743,2727 2748,2736 2775,2738 3052,2737 3395,2709 3701,2704 3829,2686 3974,2673 3983,2667"/>
                <Baseline points="2743,2705 3983,2705"/>
                <TextEquiv>
                    <Unicode>gewöhnlichen Anniuersarii der Ver</Unicode>
                </TextEquiv>
            </TextLine>
            <TextLine id="tl_1750855959" custom="readingOrder {index:17;}">
                <Coords points="3962,2715 3957,2712 3908,2705 3538,2713 3422,2719 3045,2753 2845,2766 2795,2772 2747,2788 2743,2805 2743,2839 2746,2846 2757,2848 3089,2847 3208,2838 3325,2823 3446,2821 3615,2808 3776,2802 3958,2775 3964,2767"/>
                <Baseline points="2743,2810 3964,2810"/>
                <TextEquiv>
                    <Unicode>storbenen herrn Raths Mitglider</Unicode>
                </TextEquiv>
            </TextLine>
            <TextLine id="tl_1750855950" custom="readingOrder {index:18;}">
                <Coords points="3997,2826 3977,2818 3549,2826 3309,2836 3074,2859 2946,2867 2808,2884 2757,2897 2748,2908 2747,2939 2751,2948 2779,2950 3350,2946 3441,2940 3569,2918 3934,2900 3976,2896 3996,2890"/>
                <Baseline points="2747,2917 3997,2917"/>
                <TextEquiv>
                    <Unicode>vndt diß falls gethanner einlad</Unicode>
                </TextEquiv>
            </TextLine>
            <TextLine id="tl_1750855947" custom="readingOrder {index:19;}">
                <Coords points="4033,2944 4004,2936 3979,2932 3571,2928 3075,2968 2780,2981 2734,2989 2721,2997 2717,3007 2718,3083 3148,3085 3487,3064 3946,3046 3995,3037 4007,3030 4033,3009"/>
                <Baseline points="2717,3045 4011,3045"/>
                <TextEquiv>
                    <Unicode>ung die von Einem Löb. Statt Rath</Unicode>
                </TextEquiv>
            </TextLine>
            <TextLine id="tl_1750855979" custom="readingOrder {index:20;}">
                <Coords points="4001,3242 3949,3218 3893,3193 3866,3160 3870,3130 3853,3116 3830,3111 3641,3134 3437,3141 3177,3158 3091,3170 3024,3185 2935,3230 2919,3251 2897,3266 2892,3294 2893,3354 2901,3372 2943,3394 3076,3406 3109,3413 3127,3430 3139,3459 3131,3489 3121,3504 3123,3519 3167,3524 3512,3522 3529,3518 3550,3503 3603,3476 3641,3442 3664,3412 3701,3390 3772,3367 3832,3357 3867,3344 3902,3323 3945,3307 4000,3302"/>
                <Baseline points="2892,3420 3958,3420"/>
                <TextEquiv>
                    <Unicode>Latus 3.0 f - " -</Unicode>
                </TextEquiv>
            </TextLine>
            <TextEquiv>
                <Unicode></Unicode>
            </TextEquiv>
        </TextRegion>
    </Page>
</PcGts>
