<?xml version="1.0" encoding="UTF-8" standalone="yes"?>
<PcGts xmlns="http://schema.primaresearch.org/PAGE/gts/pagecontent/2013-07-15">
    <Metadata>
        <Creator>prov=READ-COOP:name=PyLaia@TranskribusPlatform:version=2.27.0:model_id=353485:lm=provided:date=12_06_2025_13:39</Creator>
        <Created>2025-06-02T09:33:05.837+02:00</Created>
        <LastChange>2025-08-29T11:50:35.545+02:00</LastChange>
        <TranskribusMetadata docId="8812037" pageId="98076184" pageNr="286" status="GT" userId="261754" imgUrl="https://files.transkribus.eu/Get?id=EQRTZOQBAKMSMPJKFXXWPCKF&amp;fileType=view" imageId="82238490"/>
    </Metadata>
    <Page imageFilename="98076184.tif" imageWidth="4894" imageHeight="3923">
        <TextRegion id="region_148943923" custom="readingOrder {index:0;}">
            <Coords points="0,0 2447,0 2447,3923 0,3923"/>
            <TextLine id="tl_1749635884" custom="readingOrder {index:0;}">
                <Coords points="814,641 817,727 826,733 849,737 866,749 916,755 1437,754 1606,749 1856,755 2034,738 2092,727 2097,719 2096,630 2093,626 2072,622 1886,624 1741,634 1481,614 1372,612 1132,624 874,624 827,632"/>
                <Baseline points="814,717 2097,717"/>
                <TextEquiv>
                    <Unicode>Springinßfeldt gewesten Burger vnnd</Unicode>
                </TextEquiv>
            </TextLine>
            <TextLine id="tl_1749635866" custom="readingOrder {index:1;}">
                <Coords points="823,751 2068,751 2068,850 823,850"/>
                <Baseline points="823,823 2068,823"/>
                <TextEquiv>
                    <Unicode>Riemern alhier nachgelassenen Tochter</Unicode>
                </TextEquiv>
            </TextLine>
            <TextLine id="tl_1749635885" custom="readingOrder {index:2;}">
                <Coords points="2049,872 2043,860 1991,855 1845,859 1578,851 1419,863 1234,868 1138,859 878,853 836,855 820,860 819,925 827,933 871,942 949,945 1301,943 1394,948 1565,949 1784,942 1900,935 2045,919 2049,912"/>
                <Baseline points="819,923 2049,923"/>
                <TextEquiv>
                    <Unicode>Rasina verordneten Gerhaben das von</Unicode>
                </TextEquiv>
            </TextLine>
            <TextLine id="tl_1749635880" custom="readingOrder {index:3;}">
                <Coords points="2107,943 2099,937 2072,935 1867,945 1480,955 1123,952 884,956 824,965 820,1011 826,1022 886,1031 981,1038 1220,1038 1388,1031 1616,1037 1710,1030 1906,1037 1959,1033 2101,1011 2107,1003"/>
                <Baseline points="820,1010 2107,1010"/>
                <TextEquiv>
                    <Unicode>denen bey Gem. Statt anligenden achthundert</Unicode>
                </TextEquiv>
            </TextLine>
            <TextLine id="tl_1749635857" custom="readingOrder {index:4;}">
                <Coords points="2052,1046 2048,1040 2033,1037 1899,1038 1733,1032 1151,1047 864,1042 809,1060 805,1073 805,1125 811,1135 822,1139 895,1141 1866,1139 2049,1116 2052,1113"/>
                <Baseline points="805,1113 2052,1113"/>
                <TextEquiv>
                    <Unicode>Funfftzig gulden Springinßfeldtischen Cäpitäl</Unicode>
                </TextEquiv>
            </TextLine>
            <TextLine id="tl_1749635887" custom="readingOrder {index:5;}">
                <Coords points="794,1134 2056,1134 2056,1223 794,1223"/>
                <Baseline points="794,1200 2056,1200"/>
                <TextEquiv>
                    <Unicode>das verfallene Intr. benentlichen Finff</Unicode>
                </TextEquiv>
            </TextLine>
            <TextLine id="tl_1749635872" custom="readingOrder {index:6;}">
                <Coords points="817,1219 2052,1219 2052,1345 817,1345"/>
                <Baseline points="817,1312 2052,1312"/>
                <TextEquiv>
                    <Unicode>vnnd Sechzig gulden rh. Lauth Quittung</Unicode>
                </TextEquiv>
            </TextLine>
            <TextLine id="tl_1749635875" custom="readingOrder {index:7;}">
                <Coords points="2366,1277 2359,1261 2344,1255 2231,1261 2154,1278 2141,1290 2158,1295 2154,1300 2055,1306 2027,1314 2027,1323 2010,1330 1843,1346 1743,1349 1181,1341 1128,1330 1055,1328 1011,1314 937,1313 926,1309 894,1320 833,1333 822,1346 819,1386 837,1404 885,1408 1427,1400 1621,1403 1776,1414 2088,1414 2247,1386 2358,1358 2368,1346 2393,1302 2399,1249 2360,1290"/>
                <Baseline points="819,1372 2368,1372"/>
                <TextEquiv>
                    <Unicode>hiebey Idest 65 f " - " -</Unicode>
                </TextEquiv>
            </TextLine>
            <TextLine id="tl_1749635873" custom="readingOrder {index:8;}">
                <Coords points="738,1597 738,1638 743,1651 754,1659 804,1672 1839,1665 1965,1659 2064,1644 2072,1634 2072,1555 2064,1548 2043,1545 1774,1551 1355,1544 1177,1553 1143,1550 1127,1544 1112,1522 1089,1503 1050,1496 922,1495 846,1500 792,1516 776,1543 743,1572"/>
                <Baseline points="738,1627 2072,1627"/>
                <TextEquiv>
                    <Unicode>Den 23. dito Zahlte Ich dem Conradt Wildt</Unicode>
                </TextEquiv>
            </TextLine>
            <TextLine id="tl_1749635901" custom="readingOrder {index:9;}">
                <Coords points="818,1754 823,1760 869,1776 912,1781 997,1781 1093,1775 1229,1778 1598,1776 1885,1764 2012,1751 2029,1745 2029,1694 2023,1687 1975,1680 1834,1673 1320,1671 1180,1674 1061,1684 872,1674 827,1680 819,1688"/>
                <Baseline points="818,1752 2029,1752"/>
                <TextEquiv>
                    <Unicode>Burger vnnd Wierth alhier das von denen</Unicode>
                </TextEquiv>
            </TextLine>
            <TextLine id="tl_1749635897" custom="readingOrder {index:10;}">
                <Coords points="2101,1778 2093,1771 2011,1765 1761,1776 1578,1790 1431,1788 1178,1804 1029,1796 889,1798 838,1802 825,1807 824,1855 827,1864 871,1873 972,1881 1913,1882 1999,1873 2098,1851 2102,1841"/>
                <Baseline points="824,1852 2102,1852"/>
                <TextEquiv>
                    <Unicode>durch seinem Vorfahrer Michaelen Khörtten</Unicode>
                </TextEquiv>
            </TextLine>
            <TextLine id="tl_1749635888" custom="readingOrder {index:11;}">
                <Coords points="816,1890 2040,1890 2040,1990 816,1990"/>
                <Baseline points="816,1965 2040,1965"/>
                <TextEquiv>
                    <Unicode>khalch Zue Gema. Statt dargelichenen</Unicode>
                </TextEquiv>
            </TextLine>
            <TextLine id="tl_1749635864" custom="readingOrder {index:12;}">
                <Coords points="2063,2015 2061,2000 2044,1993 1697,1987 1355,1990 1244,1997 1051,1994 882,1998 819,2009 807,2015 806,2085 819,2093 855,2097 1098,2092 1325,2098 1555,2098 1996,2086 2042,2082 2060,2076"/>
                <Baseline points="806,2068 2063,2068"/>
                <TextEquiv>
                    <Unicode>Finff vnnd Sübenzig gulden Capital das</Unicode>
                </TextEquiv>
            </TextLine>
            <TextLine id="tl_1749635896" custom="readingOrder {index:13;}">
                <Coords points="2030,2120 2026,2109 2007,2102 1873,2092 1580,2093 1407,2107 1287,2095 969,2095 881,2100 828,2109 825,2113 825,2170 834,2176 881,2184 999,2192 1764,2193 1926,2181 2013,2165 2029,2154"/>
                <Baseline points="825,2167 2030,2167"/>
                <TextEquiv>
                    <Unicode>mit lesten Xbr. daruon verfallene</Unicode>
                </TextEquiv>
            </TextLine>
            <TextLine id="tl_1749635894" custom="readingOrder {index:14;}">
                <Coords points="2099,2194 2096,2186 2077,2180 1336,2195 869,2191 822,2196 807,2203 804,2280 806,2293 813,2299 873,2301 1264,2298 1526,2301 1719,2295 1988,2296 2042,2291 2095,2277 2099,2260"/>
                <Baseline points="804,2270 2099,2270"/>
                <TextEquiv>
                    <Unicode>Intr. Benentlichen Funffzehen gulden rh.</Unicode>
                </TextEquiv>
            </TextLine>
            <TextLine id="tl_1749635900" custom="readingOrder {index:15;}">
                <Coords points="2011,2315 2003,2307 1950,2291 1722,2292 1448,2302 1347,2299 880,2301 831,2309 825,2316 822,2359 825,2380 843,2387 884,2393 1019,2400 1441,2400 1721,2388 1955,2391 1983,2388 2003,2378 2008,2371"/>
                <Baseline points="822,2372 2011,2372"/>
                <TextEquiv>
                    <Unicode>vnnd Sechs Schilling vt Quittung</Unicode>
                </TextEquiv>
            </TextLine>
            <TextLine id="tl_1749635898" custom="readingOrder {index:16;}">
                <Coords points="2389,2281 2382,2270 2363,2264 2304,2268 2240,2281 2182,2301 2158,2321 2127,2327 2031,2363 1882,2393 1530,2403 861,2396 831,2406 828,2456 833,2475 2088,2473 2207,2434 2324,2395 2342,2374 2375,2358 2383,2349"/>
                <Baseline points="828,2408 2389,2408"/>
                <TextEquiv>
                    <Unicode>hiebey Idest 15. f " 6 " -</Unicode>
                </TextEquiv>
            </TextLine>
            <TextLine id="tl_1749635902" custom="readingOrder {index:17;}">
                <Coords points="775,2763 787,2774 832,2786 966,2791 1109,2790 1223,2780 1411,2788 1498,2782 1650,2781 1848,2773 1993,2746 2003,2739 2002,2691 1993,2684 1922,2670 1592,2654 1364,2657 1239,2685 1187,2685 1139,2671 1127,2659 1122,2637 1107,2628 1059,2621 885,2622 833,2632 819,2641 809,2672 780,2697"/>
                <Baseline points="775,2747 2003,2747"/>
                <TextEquiv>
                    <Unicode>Den 24. dito Zahlte Ich auch dem</Unicode>
                </TextEquiv>
            </TextLine>
            <TextLine id="tl_1749635899" custom="readingOrder {index:18;}">
                <Coords points="2042,2783 2025,2778 1946,2778 1833,2786 1506,2791 1372,2807 1316,2807 1159,2790 1014,2793 862,2786 844,2788 831,2796 830,2865 831,2869 841,2873 895,2879 1160,2880 1251,2896 1352,2895 1404,2884 1492,2877 1572,2880 1633,2894 1707,2895 1795,2880 1991,2861 2040,2852 2044,2845"/>
                <Baseline points="830,2865 2044,2865"/>
                <TextEquiv>
                    <Unicode>Herrn P. Maximillian Gschwendtner</Unicode>
                </TextEquiv>
            </TextLine>
            <TextLine id="tl_1749635895" custom="readingOrder {index:19;}">
                <Coords points="2047,2900 2042,2891 1810,2889 1665,2894 1582,2885 1487,2885 1395,2898 1321,2918 1267,2923 1134,2904 873,2897 810,2912 808,2983 811,2989 820,2993 858,2998 1078,3000 1216,2992 1329,2995 1636,2993 1969,2982 2030,2977 2045,2972"/>
                <Baseline points="808,2969 2047,2969"/>
                <TextEquiv>
                    <Unicode>Prediger ordens Zu Khrembs das von</Unicode>
                </TextEquiv>
            </TextLine>
            <TextLine id="tl_1749635882" custom="readingOrder {index:20;}">
                <Coords points="2017,3004 2013,2998 2002,2995 1872,2998 1461,2996 1368,3000 1197,2999 1007,3014 862,3009 828,3013 812,3019 810,3068 814,3073 861,3081 1082,3097 1222,3097 1420,3086 1609,3092 1780,3091 1960,3069 2010,3059 2017,3050"/>
                <Baseline points="810,3070 2017,3070"/>
                <TextEquiv>
                    <Unicode>denen bey Gem. Statt anligendt</Unicode>
                </TextEquiv>
            </TextLine>
            <TextLine id="tl_1749635886" custom="readingOrder {index:21;}">
                <Coords points="2026,3087 2011,3079 1947,3079 1542,3096 1050,3091 884,3093 840,3098 827,3103 825,3163 828,3180 838,3187 890,3200 944,3204 1759,3204 1898,3185 1977,3171 2020,3159 2026,3151"/>
                <Baseline points="825,3172 2026,3172"/>
                <TextEquiv>
                    <Unicode>vnnd von Frauen Maria Fäsoldtin</Unicode>
                </TextEquiv>
            </TextLine>
            <TextLine id="tl_1749635889" custom="readingOrder {index:22;}">
                <Coords points="592,3370 594,3438 607,3470 656,3521 719,3539 764,3543 1004,3540 1333,3547 1748,3547 1788,3543 2020,3483 2070,3442 2076,3414 2077,3315 2070,3298 2051,3292 1897,3313 1677,3325 1517,3343 1403,3347 1350,3343 1303,3330 1286,3318 1275,3296 1265,3288 1204,3274 758,3264 695,3271 645,3285 600,3318"/>
                <Baseline points="592,3474 2077,3474"/>
                <TextEquiv>
                    <Unicode>Lattus 80. f. 6. s d</Unicode>
                </TextEquiv>
            </TextLine>
            <TextEquiv>
                <Unicode></Unicode>
            </TextEquiv>
        </TextRegion>
        <TextRegion id="region_248943923" custom="readingOrder {index:1;}">
            <Coords points="2447,0 4894,0 4894,3923 2447,3923"/>
            <TextLine id="tl_1749635868" custom="readingOrder {index:0;}">
                <Coords points="4089,576 4086,570 4074,567 3933,562 3886,555 3853,542 3819,536 3790,536 3714,546 3606,575 3515,588 3338,584 3259,595 3170,597 3077,586 2982,586 2940,591 2897,604 2893,612 2892,678 2897,688 2909,690 3455,690 3576,681 3726,679 3869,668 4034,667 4080,661 4089,654"/>
                <Baseline points="2892,650 4089,650"/>
                <TextEquiv>
                    <Unicode>herrierendt auch dessen Conuentualen</Unicode>
                </TextEquiv>
            </TextLine>
            <TextLine id="tl_1749635893" custom="readingOrder {index:1;}">
                <Coords points="4094,709 4082,702 4030,694 3849,685 3701,692 3503,691 3396,702 3242,703 3127,712 2940,711 2887,722 2884,776 2886,785 2892,790 2947,798 3162,792 3311,794 3520,787 3677,775 3739,780 3819,795 3902,795 3942,788 4034,787 4086,780 4094,773"/>
                <Baseline points="2884,769 4094,769"/>
                <TextEquiv>
                    <Unicode>Hannß Caspar Härben Zuegeherig</Unicode>
                </TextEquiv>
            </TextLine>
            <TextLine id="tl_1749635870" custom="readingOrder {index:2;}">
                <Coords points="4084,817 4074,811 3988,798 3838,796 3721,787 3558,795 3131,804 2880,827 2873,833 2873,879 2881,888 2922,892 3357,893 3490,882 3647,886 3811,873 4028,873 4082,868 4086,862"/>
                <Baseline points="2873,865 4086,865"/>
                <TextEquiv>
                    <Unicode>gewesten Finffhundert gulden Capital</Unicode>
                </TextEquiv>
            </TextLine>
            <TextLine id="tl_1749635863" custom="readingOrder {index:3;}">
                <Coords points="4155,901 4147,893 4129,890 3842,880 3648,891 3487,893 3280,905 2933,904 2872,920 2868,974 2873,982 2891,987 3016,996 3338,996 3523,990 3617,995 3903,994 4098,978 4150,969 4155,962"/>
                <Baseline points="2868,967 4155,967"/>
                <TextEquiv>
                    <Unicode>hinterstellig verblibene Intr. Benent</Unicode>
                </TextEquiv>
            </TextLine>
            <TextLine id="tl_1749635890" custom="readingOrder {index:4;}">
                <Coords points="2899,996 4117,996 4117,1099 2899,1099"/>
                <Baseline points="2899,1071 4117,1071"/>
                <TextEquiv>
                    <Unicode>lichen ailff gulden Zwen schilling Zwelff</Unicode>
                </TextEquiv>
            </TextLine>
            <TextLine id="tl_1749635860" custom="readingOrder {index:5;}">
                <Coords points="2851,1094 4109,1094 4109,1223 2851,1223"/>
                <Baseline points="2851,1190 4109,1190"/>
                <TextEquiv>
                    <Unicode>Pfening Crafft dessen Quittung hiebey</Unicode>
                </TextEquiv>
            </TextLine>
            <TextLine id="tl_1749635879" custom="readingOrder {index:6;}">
                <Coords points="4675,1230 4672,1223 4661,1217 4630,1209 4572,1213 4529,1210 4497,1201 4484,1192 4469,1188 4449,1170 4414,1164 4193,1181 4015,1207 3942,1213 3850,1231 3840,1235 3831,1248 3813,1259 3810,1269 3810,1308 3816,1322 3833,1324 4417,1324 4652,1319 4669,1316 4694,1313"/>
                <Baseline points="3810,1284 4675,1284"/>
                <TextEquiv>
                    <Unicode>Idest 11. f 2 " 12.</Unicode>
                </TextEquiv>
            </TextLine>
            <TextLine id="tl_1749635874" custom="readingOrder {index:7;}">
                <Coords points="2816,1412 2816,1494 2819,1499 2830,1501 3057,1496 3281,1501 3573,1486 3792,1491 4070,1490 4099,1487 4108,1482 4106,1419 4045,1396 3998,1393 3853,1396 3749,1388 3424,1376 3260,1383 3114,1399 3045,1391 3029,1379 3035,1372 3023,1357 2979,1344 2930,1343 2891,1350 2891,1357 2827,1392"/>
                <Baseline points="2816,1460 4108,1460"/>
                <TextEquiv>
                    <Unicode>Eodem die Zahlte Ich dem Georgen Pozen</Unicode>
                </TextEquiv>
            </TextLine>
            <TextLine id="tl_1749635881" custom="readingOrder {index:8;}">
                <Coords points="4069,1517 4061,1508 4041,1505 4021,1496 3933,1491 3520,1491 3286,1507 3170,1500 2932,1507 2885,1520 2882,1525 2881,1568 2882,1582 2896,1588 3067,1588 3148,1596 3256,1596 3355,1589 3473,1594 3625,1584 3938,1583 4008,1579 4066,1571 4069,1567"/>
                <Baseline points="2881,1569 4069,1569"/>
                <TextEquiv>
                    <Unicode>hardt Burger vnnd Fleischhackhern alhier</Unicode>
                </TextEquiv>
            </TextLine>
            <TextLine id="tl_1749635876" custom="readingOrder {index:9;}">
                <Coords points="4084,1606 4072,1601 4026,1597 3857,1593 3532,1596 3251,1612 3189,1612 3082,1601 3020,1602 2934,1609 2881,1621 2877,1625 2876,1659 2880,1671 2930,1679 3118,1695 3200,1695 3407,1680 3477,1681 3572,1695 3706,1695 3841,1685 4033,1687 4076,1683 4084,1678"/>
                <Baseline points="2876,1668 4084,1668"/>
                <TextEquiv>
                    <Unicode>als Weyl. Michael Wenighoffers nach</Unicode>
                </TextEquiv>
            </TextLine>
            <TextLine id="tl_1749635891" custom="readingOrder {index:10;}">
                <Coords points="2870,1727 2870,1769 2880,1777 3060,1789 3278,1792 3402,1782 4003,1784 4058,1781 4066,1776 4066,1736 4059,1728 4031,1723 4004,1713 3915,1706 3604,1703 3500,1697 3331,1695 3190,1708 3041,1704 2940,1710 2873,1721"/>
                <Baseline points="2870,1767 4066,1767"/>
                <TextEquiv>
                    <Unicode>gelassenen Khinder verordneten</Unicode>
                </TextEquiv>
            </TextLine>
            <TextLine id="tl_1749635861" custom="readingOrder {index:11;}">
                <Coords points="2861,1820 2861,1876 2865,1881 3127,1901 3527,1902 3612,1887 3662,1883 4055,1895 4076,1893 4082,1888 4082,1841 4076,1832 4029,1817 3895,1794 3761,1797 3439,1794 3282,1806 3056,1797 2953,1798 2865,1811"/>
                <Baseline points="2861,1875 4082,1875"/>
                <TextEquiv>
                    <Unicode>Gerhaben in abschlag deren von denen</Unicode>
                </TextEquiv>
            </TextLine>
            <TextLine id="tl_1749635871" custom="readingOrder {index:12;}">
                <Coords points="4086,1930 4084,1918 4070,1912 4027,1903 3955,1898 3605,1895 3479,1912 3327,1903 3162,1905 2943,1901 2866,1911 2864,1967 2873,1972 2957,1985 3055,1993 3376,1994 3453,1989 3527,1994 3758,1991 4008,1994 4084,1985"/>
                <Baseline points="2864,1967 4086,1967"/>
                <TextEquiv>
                    <Unicode>durch Herrn Thaman Herzen bey Gem.</Unicode>
                </TextEquiv>
            </TextLine>
            <TextLine id="tl_1749635867" custom="readingOrder {index:13;}">
                <Coords points="4156,2010 4152,2000 4140,1997 3707,1994 3598,2000 3412,1997 3313,2005 2893,1997 2867,2003 2866,2063 2873,2071 2924,2079 3040,2084 3142,2095 3685,2095 3767,2088 3994,2094 4099,2084 4148,2071 4155,2058"/>
                <Baseline points="2866,2069 4156,2069"/>
                <TextEquiv>
                    <Unicode>Statt anligendt gemachten Neintausendt</Unicode>
                </TextEquiv>
            </TextLine>
            <TextLine id="tl_1749635859" custom="readingOrder {index:14;}">
                <Coords points="4142,2111 4135,2106 3887,2092 3360,2092 3290,2095 3207,2106 3151,2106 3050,2095 2965,2094 2914,2098 2863,2110 2860,2169 2872,2179 2916,2185 3113,2183 3263,2189 3545,2183 3642,2189 4044,2189 4090,2185 4140,2174"/>
                <Baseline points="2860,2164 4142,2164"/>
                <TextEquiv>
                    <Unicode>gulden noch verhandenen Sechstausendt</Unicode>
                </TextEquiv>
            </TextLine>
            <TextLine id="tl_1749635869" custom="readingOrder {index:15;}">
                <Coords points="2857,2186 4087,2186 4087,2291 2857,2291"/>
                <Baseline points="2857,2264 4087,2264"/>
                <TextEquiv>
                    <Unicode>gulden Capital verfallenen Intr.</Unicode>
                </TextEquiv>
            </TextLine>
            <TextLine id="line_1749725176548_34" custom="readingOrder {index:16;}">
                <Coords points="2884,2283 2902,2281 3124,2282 3318,2288 3478,2284 3619,2286 3883,2303 4024,2304 4061,2309 4083,2321 4085,2385 4070,2390 3347,2388 2897,2376 2884,2374"/>
                <Baseline points="2884,2362 4085,2362"/>
                <TextEquiv>
                    <Unicode>benentlichen ainhundert gulden rh.</Unicode>
                </TextEquiv>
            </TextLine>
            <TextLine id="tl_1749635862" custom="readingOrder {index:17;}">
                <Coords points="4686,2464 4644,2452 4545,2436 4513,2423 4477,2417 4459,2394 4441,2384 4377,2369 4298,2369 4182,2382 4052,2388 2950,2382 2852,2395 2845,2403 2843,2435 2845,2496 2863,2507 2933,2514 3154,2519 4396,2519 4636,2506 4680,2498"/>
                <Baseline points="2843,2480 4659,2480"/>
                <TextEquiv>
                    <Unicode>Inhalt Quittung hiebey Idest 100. f " - " - "</Unicode>
                </TextEquiv>
            </TextLine>
            <TextLine id="tl_1749635858" custom="readingOrder {index:18;}">
                <Coords points="2734,2671 2737,2766 2749,2787 2777,2794 2910,2794 3168,2782 3807,2791 4063,2781 4101,2777 4115,2769 4115,2727 4110,2708 4080,2700 4054,2686 4003,2675 3609,2651 3341,2647 3197,2653 3139,2640 3119,2624 3091,2617 3065,2599 3008,2589 2860,2590 2800,2603 2743,2641"/>
                <Baseline points="2734,2742 4115,2742"/>
                <TextEquiv>
                    <Unicode>Besagten dito Zahlte Ich auch Herrn Iacoben</Unicode>
                </TextEquiv>
            </TextLine>
            <TextLine id="tl_1749635883" custom="readingOrder {index:19;} unclear {offset:0;length:9;}">
                <Coords points="2835,2824 2839,2872 2898,2885 2989,2887 3040,2898 3274,2896 3425,2891 3615,2876 3975,2879 4020,2875 4071,2859 4078,2853 4080,2801 4068,2793 4019,2790 3691,2792 3531,2784 3253,2785 3084,2800 3015,2800 2890,2792 2860,2796 2845,2803"/>
                <Baseline points="2835,2868 4080,2868"/>
                <TextEquiv>
                    <Unicode>Gorizutti Khay. Caplann vnnd Hoff</Unicode>
                </TextEquiv>
            </TextLine>
            <TextLine id="tl_1749635892" custom="readingOrder {index:20;}">
                <Coords points="4043,2914 4040,2904 3987,2890 3950,2888 3754,2894 3585,2889 3359,2893 3175,2912 3118,2910 3011,2892 2919,2891 2873,2896 2860,2904 2858,2963 2861,2970 2870,2974 2917,2978 3112,2974 3345,2978 3451,2971 3514,2971 3572,2977 3771,2971 3882,2978 4027,2977 4041,2972"/>
                <Baseline points="2858,2954 4043,2954"/>
                <TextEquiv>
                    <Unicode>Pfarern alhier weegen des Zuer</Unicode>
                </TextEquiv>
            </TextLine>
            <TextLine id="tl_1749635865" custom="readingOrder {index:21;}">
                <Coords points="2875,2976 4008,2976 4008,3105 2875,3105"/>
                <Baseline points="2875,3072 4008,3072"/>
                <TextEquiv>
                    <Unicode>Hoff Capellen geherig gewest aber</Unicode>
                </TextEquiv>
            </TextLine>
            <TextLine id="tl_1749635878" custom="readingOrder {index:22;}">
                <Coords points="2626,3221 2628,3291 2637,3322 2657,3342 2676,3376 2702,3401 2740,3413 2822,3425 2990,3429 3072,3459 3096,3486 3145,3499 3379,3501 3491,3470 3717,3464 3843,3444 4079,3427 4183,3401 4191,3389 4191,3224 4181,3213 4165,3207 3958,3217 3545,3211 3384,3182 2816,3174 2689,3183 2639,3199 2628,3208"/>
                <Baseline points="2626,3417 4191,3417"/>
                <TextEquiv>
                    <Unicode>Lattus 111. f 2 s. 12. d.</Unicode>
                </TextEquiv>
            </TextLine>
            <TextEquiv>
                <Unicode></Unicode>
            </TextEquiv>
        </TextRegion>
    </Page>
</PcGts>
