4842 3913
795 615 2060 755 auch des Raths Pfenings vnnd anderer
792 744 2020 843 durch einen Statt Rath denen Raths
789 834 2029 940 Herrn ins Gemain Zuestehenden Auß
774 924 1984 1025 thaillungen an stat der biß hero
770 1023 1993 1130 gehabten Tax Geföhl Zue ainem
771 1111 2005 1217 Iahrlichen gewissen Deputat aintau
775 1213 2013 1321 sendt Reichstaller vnnd solche vonn
798 1303 2003 1408 8. 8br. des entwichenen 1652. Iahr
779 1402 2020 1501 an Zuraithen ordntlich assigiert vnnd
773 1495 2028 1609 außgezaichnet worden das von be
757 1590 2077 1708 sagten oct. 1652. biß 8. Febr.
785 1703 1979 1806 instehenden Iahrs verfallene vier
785 1795 1995 1915 monnathliche Deputat Benentlichen
767 1908 2005 2034 Finffhundert gulden rh. Vermög Raths
764 2024 2036 2140 Passierungs Decret vnnd Herrn Statt
760 2035 2321 2257 Schreibers Quittung hiebey Idest 500. f " -
720 2368 2003 2560 Den 1. Martii Zahlte Ich Herrn Michael
757 2557 1984 2668 Scheibl Gem. Statt Buechhalterey
756 2662 1986 2768 Verwohnten in abschlag seiner mit
765 2756 1980 2871 Quattember Pfingsten verfallenden
764 2861 1970 2977 diensts besoldtung Benentlichen
742 2959 2011 3086 Funff Zehen gulden rh. Vermög Quitt
756 3083 2045 3192 ung hiebey datiert den 28 Febr.
766 3040 2319 3287 dis Iahr Idest 15. f " - "
755 3443 2057 3647 Lattus 515 f " - s d
2736 536 3972 676 Eodem die Zahlte Ich dem Caspar Purn
2788 672 4018 776 hauser vnnd Georgen Berner beeden
2764 770 4016 868 Weinn Commissarien vnnter dem Khärner
2761 866 4004 966 Thor die Ihnen mit heintigen tag ver
2788 962 3975 1064 fallene vierzehen tägige Besoldtung
2787 1057 3998 1176 Benentlichen Zehen gulden rh. Crafft deren
2759 1149 4584 1282 Quittung hiebey Idest 10. f " - " - "
2701 1321 4009 1484 Gleichfahls Zahlte Ich dem Iohann Henen
2760 1479 3948 1573 feindt vnnd Hannsen Seiff beeden
2754 1572 3973 1676 Wein Commissarien vnnter dem Schotten
2758 1681 3949 1787 Thor die Ihnen an heint gebiehrunde
2777 1778 4001 1883 vier Zehen tägige Besoldtung Benentlichen
2784 1878 3976 2006 Zehen gulden rh. Inhalt Quittung hie
2767 1976 4567 2110 bey Idest 10. f " - " - "
2740 2233 3936 2376 Ebenmessig Zahlte Ich auch dem Weinn
2738 2365 4001 2476 Commissario vnnter dem Ratten Thuern
2759 2471 4005 2573 sein verfallene vier Zehen tägige Besoldt
2779 2567 3985 2684 ung Lauth Quittung hiebey Benent
2766 2668 4589 2809 lichen Finff gulden rh. Idest 5. f " - " - "
2589 2890 3989 3089 Nicht weniger Zahlte Ich auch denen vier
2615 3182 3990 3476 Lattus 25 f. - s d
