4866 3917
777 607 2130 756 Benentlichen achtzehen gulden rh. Inhalt
787 680 2379 854 Quittung hiebey Idest 18. f " - " -
712 912 2069 1108 Eodem die Zahlte Ich auch dem Matthiasen
809 1105 2028 1197 Bernii das von seinem Vorfahrern
805 1192 2088 1303 Niclasen Schwenckhen seel. dargelichenen
801 1298 2053 1394 dreissig gulden Capital verfallene
791 1387 2020 1498 Intr. Benentlichen Sechs gulden
792 1491 2063 1608 Zwen schilling Zwelff Pfening Vermög
798 1519 2374 1698 Quittung hiebey Idest 6. f " 2 "
785 1794 2051 1932 Ebenmessig Zahlte Ich auch weyl. Georg
755 1923 2029 2041 Appels seel. nachgelassenen Wittib
797 2023 2039 2134 Maria in abschlag des von denen bey
795 2146 2023 2250 Gem. Statt anligenden Ainhundert
789 2240 2018 2365 gulden Georg Applischen Capital ver
789 2355 2021 2452 fallenen Intr. Pr. Steur abschr.
777 2450 1977 2578 Benentlichen Finff gulden rh. Lauth
783 2456 2357 2655 Quittung hiebey Idest 5. f " - " -
720 2718 2031 2891 Gleichfahls Zahlte Ich der Barbara
769 2882 2004 2980 Fischerin armen dienst Magdt die
790 2978 1984 3078 von ainem Löbl. Statt Rath etc. Ihr
777 3065 1936 3201 Zur heyrath Steur angeschafften
557 3248 2149 3513 Lattus 29 f. 2. s 12 d
2843 557 4087 694 Zehen gulden rh. auß weyl. frauen
2854 694 4054 795 Anna Edlmayrin Stifft Vermög
2855 797 4071 895 berathschlagten Anbringen vnnd
2858 894 4059 1023 darauf gestelten Quittung hiebey
3783 991 4658 1122 Idest 10. f " - " - "
2705 1109 4110 1302 Bemelten lesten dito Zahlte Ich auch
2815 1292 4042 1388 die auf dis Monnath in das Khay.
2835 1390 4101 1496 Profeßhauß alhier von Gem. Statt
2853 1490 4077 1588 wegen Monnathlich raichende Funff
2835 1583 4045 1699 Zig gulden rh. Zuehandten Herrn
2855 1691 4027 1804 P. Procuratoris Herrn Iohann Zarn
2831 1799 4632 1944 hausen vt Quittung hiebey Idest 50. f " - " - "
2783 2024 3972 2189 Ich Zahlte auch disen tag Herrn
2785 2182 3972 2301 Cristophen Pierpach des Collegii
2814 2292 4026 2390 der Societet Iesu alhier verordneten
2811 2395 4000 2498 Procuratori das von denen bey Gem.
2792 2498 4031 2607 Statt anligenden Iohann Iacob Scholtz
2802 2596 3996 2699 ischen Finff tausendt Zwayhundert
2790 2692 3998 2802 gulden Capital mit lesten xbr. 653
2787 2797 4019 2927 verfallene Iahrs Intr. Benent
2799 2922 3960 3047 lichen dreyhundert vnnd Zwelff
2788 3164 4075 3512 Lattus 60 f " - s d
