4870 3921
791 613 2114 743 Gema. Statt vberlassenen Grundtbuechs
803 739 2065 846 die destwegen Zu Michaeli 1653. Zue
787 845 2027 944 raichen gebierunde dreyhundert
734 943 2024 1078 gulden rh. Vermög Quittung hiebey
1832 951 2379 1159 Idest 300. f " - " -
721 1185 2082 1341 Deßgleichen Zahlte Ich auch die von ainen
795 1332 2005 1439 Löbl. Statt Rath etc. der Lucretia
798 1439 1984 1535 Ludamilla Serttin angeschafften
794 1538 2009 1648 Heyrath Steur auß weyl. Anna
800 1643 1979 1751 Edlmayrin Stifft Benentlichen
789 1748 1996 1866 Funff Zehen gulden rh. Vermög be
792 1859 1992 1957 rathschlagten anbringen vnnd
793 1955 2005 2087 darauf gestelten Quittung hiebey
1764 1990 2367 2181 Idest 15. f " - " -
742 2200 2052 2380 Den 28. dito Zahlte Ich Herrn Georg
795 2376 2032 2488 Reiser des aussern Raths in Namben
757 2480 1992 2590 vnnd an stat Iohan Franz Stierl
765 2588 1969 2697 Veldt Trampetters in abschlag
782 2694 1986 2804 des von seinen bey Gem. Statt an
781 2781 2059 2905 ligenden Zwelff hundert gulden Capital
776 2899 1956 2994 verfallenen Intr. Benentlichen
767 2994 1994 3118 Finff vnnd Sübenzig gulden rh.
605 3191 2033 3504 Lattus 315 f - s d
2880 560 4719 731 Lauth Quittung hiebey Idest 75. f " - " - "
2845 822 4085 984 Den 30. dito Zahlte Ich der Maria
2864 981 4078 1073 Hierschin armen dienst Magdt die
2861 1066 4060 1168 von ainem Löbl. Statt Rath etc. Ihr Zuer
2848 1172 4071 1275 Heyrathsteur angeschaffte Zehen gulden
2845 1271 4073 1370 rh. auß wey. Frauen betlmayrin
2858 1368 4077 1468 Stifft vt beratschlagten anbringen
2896 1467 4036 1578 vnnd darauf gestelten Quittung
2859 1549 4701 1683 hiebey Idest 10. f " - " - "
2830 1729 4087 1911 Den 31. dito Zahlte Ich Herrn Peter
2841 1903 4094 1991 Schwanarii des aussern Raths das
2848 1987 4015 2072 von seinen anligenden achthundert
2842 2069 4035 2180 gulden Capital mit 12. 9br. 1653
2845 2176 4072 2280 verfallene Iahrs Intr. Benent
2832 2279 4080 2397 lichen acht vnnd vierzig gulden rh. Crafft
2822 2380 4694 2511 dessen Quittung hiebey Idest 48. f " - " - "
2785 2588 4042 2761 Ingleichem Zahlte Ich auch Ihme Herrn
2831 2742 3992 2857 Schwanarii das von seinen drey
2843 2825 3989 2949 hundert gulden Capital mit 19.
2839 2925 4085 3059 9br 1653. verfallene Iahrs Intr.
2625 3124 4228 3419 Lattus 133 f - s d
