4850 3929
773 647 2044 773 am Thäbor als Lorenz Behaimb vnnd
749 769 2004 871 Simon Ressel die Ihnen gebiehrunde
748 856 2049 977 vierzehen tagige Besoldtung Benentlichen
770 906 2356 1108 acht gulden rh. vt Quittung hiebey Idest 8. f " - " - "
618 1186 1989 1363 Nicht weniger Zahlte Ich auch denen
738 1325 2057 1439 vier Petl gesindts aufsehern als Hannß
768 1438 1981 1544 Peter Müllner Sebastian Craffen
767 1537 2023 1662 Marthin Gaispaur vnnd Christoph Hueber
764 1652 1981 1757 die Ihnen an Heint verfallene vierzehen
741 1750 2002 1865 tagige besoldtung Benentlichen Sechzehen
753 1763 2338 1968 gulden rh. vt Quittung hiebey Idest 16. f " - "
685 2048 1963 2224 Den 16. dito Zahlte Ich Herrn Iohann
747 2210 1997 2324 Sichhardten des Innern Raths sein aufs
770 2315 1994 2434 1652. iste Iahr gebiehrunde Raths Re
776 2411 2025 2534 compens so Ihme biß hero im ausstandt
763 2528 1961 2633 verbliben Benentlichen dreyhundert
759 2629 1936 2768 gulden rh. Inhalt Quittung hiebey
1717 2584 2331 2813 Idest 300 f " - " -
664 2877 1952 3034 Den 17. dito Zahlte Ich Gem. Statt Re
760 3018 1986 3155 standten Commissario Leonhardt Khärner
512 3213 2068 3471 Lattus 324 f " - s d
2837 557 4116 690 sein mit heintigem tag verfallene Mannath
2845 685 4065 775 lichen Besoldtung Benentlichen Zwelff
2828 768 4117 877 gulden rh. vnnd vier schilling Inhalt Quittung
2840 871 4625 991 hiebey Idest 12. f " 4 " - "
2767 1064 4005 1223 Den 18. dito Zahlte Ich dem Caspar Leib
2842 1214 4038 1318 R u ormaistern die fier Ihme seinem
2849 1310 4073 1405 Corporallen sambt anderen ailff Soldaten
2854 1405 4055 1506 vnnd dem Stackhmaister mit heintigem
2850 1507 4026 1613 tag verfallene Mannathliche Besoldtung
2836 1608 4030 1729 benentlichen Achtzig gulden rh. vermög
2842 1713 4583 1843 Quittung hiebey Idest 80. f " - " -
2788 1919 3966 2063 Den 19. dito Zahlte Ich auch herrn
2813 2051 3966 2154 Anndree Leonhardt denckhen I. V. Ir.
2825 2155 3994 2248 vnnd Gem. Statt Wienn verordneten
2816 2246 4045 2355 Statt schreiber vnnd Syndico primario etc.
2815 2345 4037 2452 welchen von ainem Löb. Statt Rath
2816 2448 3982 2559 neben seiner freyen Wohnung vnnd
2810 2544 4010 2656 behiltzung Item des gewenlichen Grundt
2788 2648 4036 2755 buechs Deputat der Süben vnnd Sechzig
2789 2746 3955 2872 gulden so dan der Zway vnnd Funffzig
2788 2866 3998 2959 gulden so Er wie die Herrn neben dem
2786 2958 3952 3077 Syndico biß dato eingenomben wie
2571 3152 3992 3437 Lattus 92. f. 4. s d
