4845 3914
782 617 2028 783 gulden rh. vermög Quittung hiebey
1811 646 2368 845 Idest 312 f " -
610 901 2048 1129 Nicht weniger Zahlte Ich auch Herrn
769 1074 2077 1214 Iohann Prieschenckhen des Innern Raths
812 1182 2076 1299 das von denen bey Gem. Statt anligendt
814 1284 2044 1393 vnnd dessen vngeuogten Söhnl Ignatio
789 1379 2020 1502 Zuegeherigen drey tausendt gulden
783 1484 2009 1596 Capitäl das mit 7. febr. 1654.
796 1593 2033 1699 daruon verfallene Iahrs Intr.
793 1687 2067 1790 Benentlichen ainhundert vnnd achtzig
795 1786 2014 1930 gulden rh. Lauth Quittung hiebey
1738 1801 2356 2005 Idest 180. f " -
539 2229 2018 2452 Lattus 492. f. - s d
2802 442 4060 640 Desgleichen wierd Hiemit berichts
2821 631 3990 725 weiß in ausgab gestelt von denen
2833 726 3990 826 Ienigen ainhundert gulden so herr
2847 809 4046 918 Thobias Grüll des Aussern Raths
2858 909 4029 1020 nach den 10. Xbr. Anno etc. 1650. auf
2848 1008 4028 1102 Gema. Statt in bstandt habentes
2838 1102 4004 1180 Vngeldt dargelichen das mit 10.ten
2826 1180 4096 1280 Xbr 1653. verfallene drey Iahrs
2847 1274 4034 1368 Interesse so von dem Georgen
2852 1363 4091 1457 Grüllen haussgesessen Zu weissen
2842 1453 4057 1544 burg im Landt ob der Ennß wegen
2824 1534 4022 1646 seines herrn Brueder Thobia Grüllen
2822 1635 4029 1734 seel. vnnd durch voll mechtigen
2836 1726 3990 1821 Gewalt an wolffgang Khlain
2835 1817 3975 1916 Burger vnnd Taschner alhier in
2844 1889 4038 1997 wienn als dessen Aydten als
2838 1982 4031 2089 geuoll mechtigten Gwalttrager
2823 2062 4100 2169 ( wie fol. 85. vnnter der Rubriggen
2823 2149 4065 2259 Entlehenten Geldts ) Zusehen fier
2835 2243 3873 2363 bezahlter einkhamben thuet
