4897 3923
712 473 2102 733 Den 16. dito Zahlte Ich Ihrer Hochwr.
841 728 2057 823 Herrn Marco Anthonio Cauia Thumb
842 826 2089 934 anhandt Zue St. Stephann alhier wegen
841 931 2097 1036 der Vttendorfferischen gestifften Zway
830 1029 2078 1151 tausendt gulden Capital den mit lesten
831 1142 2104 1260 Xbr. 1653. verfallene Iahrs Interesse
827 1247 2099 1369 Benentlichen ainhundert gulden rh. Lauth
831 1295 2398 1470 Quittung hiebey Idest 100. f " - "
790 1540 2044 1700 Dito Zahlte Ich auch Ieztgedachten
816 1685 2085 1789 Herrn Thumb dechant von denen durch
827 1780 2075 1886 den Thumb Capitl den 4. Ianuarii 641.
815 1875 2097 1994 Zu Gem. Statt angelegten aintausendt
820 1986 2058 2094 gulden Capital das den 4ten dits mon
821 2096 2041 2208 nath verfallene Iahrs Interesse
808 2200 2041 2330 Benentlichen Sechzig gulden rh. Lauth
809 2238 2393 2427 Quittung hiebey Idest 60. f. " - " -
749 2524 2061 2678 Ich Zahlte auch disen tag wohlbemelten
794 2675 1999 2771 Herrn Thumb dechanten von denen
824 2769 2027 2873 drey hundert gulden Capital so Zu St.
822 2873 2020 2987 Catharina Cappellen geherig vnnd bey
816 2979 2011 3071 Gem. Statt anligendt seint das mit
820 3066 1990 3188 lesten xbr. 653. verfallene Iahrs
688 3259 2103 3517 Lattus 160. f. - s d
2870 545 4161 684 Intr. Benentlichen Funff Zehen gulden rh.
2885 654 4700 795 Crafft dessen Quittung hiebey Idest 15. f " - " -
2797 856 4148 1021 Gleichfahls Zahlte Ich auch offt benenten
2864 1004 4103 1105 Herrn Thumb dechanten von denen bey
2868 1095 4112 1196 Gem. Statt anligendt vnnd dem alhiesig
2869 1192 4095 1300 Thumb Capitl Zuegeherigen ainhundert
2881 1295 4081 1392 vnnd Zehen gulden Capital das mit lesten
2876 1377 4087 1484 xbr. 1653. verfallene Iahrs Inter.
2876 1472 4065 1568 Benentlichen Funff gulden rh. vnnd vier
2877 1569 4695 1722 schilling Inhalt Quittung hiebey Idest 5. f " 4 " - "
2831 1848 4057 1992 Den 21. dito Zahlte Ich frauen Anna
2878 1990 4073 2092 Regina von Ladtenegg gebohrnen Schena
2883 2081 4085 2181 witzin in abschlag deren von denen
2874 2176 4109 2277 bey Gem. Statt anligenden Paul Schena
2877 2273 4131 2379 witschischen Sübentausendt gulden Capital
2869 2367 4094 2473 verfallenen Intr. Benentlichen Funff
2886 2470 4071 2580 vnnd Sübenzig gulden rh. Vermög
2832 2550 4659 2693 Quittung hiebey Idest 75. f " - " - "
2806 2760 4076 2896 Den 22. dito Zahlte Ich Herrn Iohann
2835 2887 4061 2981 Leidtl des Aussern Raths vnnd Caspar
2845 2974 4091 3101 della Hoff Mahlern als weyl. Michaeln
2598 3167 4082 3473 Lattus 95. f. 4. s d
