4842 3922
664 646 2051 779 Den 15. dits Zahlte Ich Herrn Marx Purian
753 768 2052 860 des Aussern Raths vnnd Gem. Statt ober
766 861 2061 960 Buechhaltern sein mit lesten Martii dis
774 960 1965 1066 Iahr verfallende Buechhalter ambts
762 1062 1984 1165 Quarttals Besoldtung Benentlichen
778 1154 2002 1259 ainhundert Finff vnnd Zwainzig gulden
806 1156 2364 1364 rh. vt Quittung hiebey Idest 125. f " - " -
694 1461 2027 1612 Ietzt bemelten 15. dito Zahlte Ich auch dem H.
753 1608 2013 1727 Sebastian Feichtner Gem. Statt Buechh.
769 1721 2006 1832 Ver wahnten in abschlag seiner von ersten
761 1829 1995 1944 Ianuarii dis Iahr lauffenden dienst
777 1934 2035 2038 besoldtung benentlichen dreissig gulden
766 1929 2340 2147 rh. Crafft dessen Quittung hiebey Idest 30. f " - " -
687 2273 2007 2449 Ich Zahlte auch disen tag Herrn Christophen
760 2447 1986 2557 Ziegler Gem. Statt Buechhalterey Ver
770 2536 1992 2653 wohnten in abschlag seiner mit Endt
765 2643 1990 2751 Martii dis Iahr verfallenden diensts
779 2740 2016 2850 besoldtung Benentlichen Finff vnndZwainzig
760 2714 2331 2947 gulden rh. Inhalt Quittung hiebey Idest 25. f " - " -
678 3015 1979 3202 Gleichfahls Zahlte Ich auch dem Caspar
548 3306 2025 3570 Lattus 180 f " - s d
2834 583 4072 707 Beruhauser vnnd Georgen Berner beeden
2848 700 4064 808 Weinn Commissarien vnnter dem Kharner
2860 810 4035 917 Thor die Ihnen mit heintigem tag ver
2877 915 4062 1026 fallene vierzehen tagige Besoldung Be
2865 1025 4056 1158 nentlichen Zehen gulden rh. vt Quittung
2860 1136 4636 1268 hiebey Idest 10. f " - " - "
2852 1336 4048 1469 Ebenmessig Zahlte Ich auch dem Hannsen
2834 1469 4059 1575 Henenschmidt vnnd Iohann Seiffen beeden
2832 1567 4021 1675 Weinn Commissarien vnter dem Schotten
2835 1674 4035 1781 Thor die Ihnen an heint gebiehrunde vier
2834 1767 4055 1866 Zehen tägige Besoldtung Benentlichen
2831 1860 4034 1986 Zehen gulden rh. vermög Quittung hiebey
3771 1946 4587 2086 Idest 10. f " - " - "
2805 2131 4011 2271 Disen tag Zahlte Ich auch dem Wein Com
2834 2256 4004 2358 missario vnter dem Rothen Thuern
2840 2355 3980 2464 Georgen Mayrhoffer sein verfallene
2833 2455 3955 2571 vier Zehen tagige Besoldtung Lauth
2823 2565 4644 2699 Quittung hiebey Idest 5. f " - " - "
2794 2768 3976 2918 Vorbemelten dito Zahlte Ich auch
2825 2914 4021 3046 denen beeden Infections Commissarien
2769 3088 3960 3457 Lattus 25. f " - s d
