5205 4340
832 690 2180 841 Hundert Fünff und Sibenzig
856 849 2138 939 Gulden auff sein Quittung
846 846 2567 1016 Hiebey Idest 175 f - " - "
800 1091 2189 1212 Dan zalte Ich dem Ioseph Antoni
841 1221 2174 1309 Wisender Von seinen anli
854 1300 2179 1396 genten 1300 f Cap. das an heünt
841 1397 2184 1488 Verfallene Iahrs Intee. mit
861 1487 2182 1590 Fünff und Sechzig Gulden
850 1464 2585 1681 ut Quittung Hiebey Idest 65 f. - " - "
776 1747 2185 1871 Dito zalte Ich der Susannæ Paurit
812 1863 2186 1955 schin Von ihrer Kinder anligenten
813 1950 2166 2055 Mörtzischen 2857 f 1 s 4 ⅔ d.
833 2059 2112 2158 das den 2.ten diß Verfallene
796 2110 2260 2250 Iahrs Intee. mit Ain hundert
790 2249 2174 2350 Zwey und Vierzig Gulden
804 2214 2571 2432 6 s 24 d. ut Quitt. Hiebey Idest 142 f. 6 s. 24 d
788 2494 2159 2627 Similit zalte Ich denen Gatter
821 2612 2150 2721 manischen Gerhaben Von
845 2693 2173 2817 denen anligenten 783 f 5 s das
834 2811 2115 2923 an Heünt Verfallene halb
810 2914 2162 3026 Iährige Intee. mit Neüntze
807 3015 2140 3128 hen Gulden 4 s 12 d. Inhalt
808 2926 2569 3223 Quittung Hiebey Idest 19 f 4 s 12 d.
748 3289 2149 3422 Den 16.ten dito zalte Ich denen P P.
810 3412 2121 3525 Iesuitern im Professhauß
813 3518 2159 3620 das allmosen geldt Vor abge
870 3648 2125 3848 Latus 402 f 3 s 6 d.
3040 670 4424 795 wichenes Monnät Nouem. mit
3047 801 4353 896 Funffzig Gulden Vermög
3035 867 4979 1015 Quittung Hiebey Idest 50 f. - " - "
3008 1073 4392 1168 Dan Von anligenten 12000 f das
3051 1180 4333 1276 den 25.ten Nouem. Verfallene
3041 1275 4372 1369 Halb Iährige Intee. mit drey
3048 1373 4405 1470 hundert Gulden Inhalt Quit
3039 1437 4977 1564 tung Hiebey Idest 300 f. - " - "
3049 1622 4411 1726 Ingleichen Von anligenten 4000 f
3044 1726 4385 1831 das den Ersten diß Verfallene
3032 1830 4367 1925 halb Iährige Intee. mit Ain
3042 1935 4325 2020 hundert Gulden Vermög
3046 1991 4979 2132 Quittung Hiebey Idest 100 f. - " - "
3008 2195 4380 2304 Dito zalte Ich Frauen Mariæ
3044 2313 4371 2399 Rebeccæ Pehlin Von ihren an
3042 2402 4409 2488 ligenten 5000 f das an Heünt
3057 2492 4389 2580 Verfallene Iahrs Intee. mit
3042 2581 4344 2668 Zwey hundert Funffzig
3033 2676 4333 2781 Gulden auf Ihr Quittung
3029 2761 5005 2885 Hiebey Idest 250 f. - " - "
2997 2945 4369 3069 Den 17.ten dito zalte Ich dem Hein
3032 3077 4360 3160 rich Retzina Von seinen an
3040 3166 4374 3257 ligenten 500 f das an heünt
3054 3262 4363 3355 Verfallene Iahrs Intee. mit
3034 3357 4400 3459 Fünff und Zweinzig Gulden
3035 3466 4997 3565 Gegen Quit. Hiebey Idest 25 f. - " - "
3124 3585 4343 3769 Latus 725 f. - " - "
