5202 4353
790 635 2179 863 Den 18.ten dito zalte Ich dem Mathiæ
850 873 2172 980 Söllner Stesserischen Gerhaben
844 965 2181 1069 Von anligenten 2269 f 18 f. das
831 1078 2180 1183 den 14.ten diß auff Iahr Verfal
832 1168 2208 1275 lene Intee. mit Zwey hundert
849 1270 2188 1375 Sechs und Zweinzig Gulden
882 1370 2141 1466 7 s 6 d. Vermög Quittung
840 1270 2576 1541 Hiebey Idest 226 f. 7 s. 6 d.
809 1632 2164 1752 Dito zalte Ich dem Iohann Stain
829 1753 2124 1855 bacher Pauolischen Gerhaben
846 1819 2207 1942 Von anligenten 1500 f das anheünt
844 1942 2147 2047 Verfallene halb Iährige Intee.
836 2037 2175 2142 mit Siben und dreyßig Gul
831 2151 2112 2244 den 4 s. Inhalt Quittung
859 2088 2553 2352 Hiebey Idest 37 f. 4 s. - "
781 2409 2163 2536 Auch zalte Ich dem Iohann Walber
843 2523 2147 2627 Von Rottischen 100 f das den Letzten
865 2615 2149 2726 octobris Verfallene Iahrs
859 2711 2148 2821 Intee. mit Fünff Gulden
859 2630 2572 2900 Gegen Quitt. Hiebey Idest  5 f. - " - "
789 2948 2139 3080 Similit zalte Ich der Mariæ Elisa
856 3072 2111 3173 bethæ Mitterlehnerin Von
876 3140 2156 3261 ihren erhebten 300 f Cap. das
857 3252 2170 3362 Von 14.ten Aug. 1714 biß an
831 3356 2152 3464 hero auff ain Iahr 4 Monnät
853 3445 2208 3555 Verfallene Intee. mit Zweinzig
869 3368 2575 3654 Gulden ut Quit. Hiebey Idest 20 f. - " - "
887 3676 2110 3858 Latus 289 f 3 s 6 d.
3016 577 4373 793 Den 19.ten dito zalte Ich |:titl:| Frauen
3035 796 4377 889 Gräffin Von Crotti etc. Von dero
3032 878 4410 977 anligenten 12000 f das an heünt
3038 983 4367 1079 Verfallene Iahrs Intee. mit
3033 1070 4387 1178 Sechs hundert Gulden Crafft
3036 1125 4979 1278 Quittung Hiebey Idest 600 f - " - "
3016 1323 4421 1427 Dito zalte Ich |:titl:| Herrn Christoph
3010 1426 4336 1524 Friderich Schmidt N.Ö. Regts Rath
3008 1524 4276 1613 Von anligenten Hierneisischen
3017 1604 4361 1697 2000 f. das an heünt Verfallene
3009 1686 4370 1776 Iahrs Intee. mit Ain hundert
3018 1775 4287 1867 Gulden Vermög Quittung
3020 1816 4990 1945 Hiebey Idest 100 f - " - "
2991 2013 4342 2126 Den 20.ten dito zalte Ich Herrn Franz
3075 2112 4333 2214 Antonio Gußman Beneficiat
3028 2195 4290 2289 der Barbaræ denerischen Stüfftung
3024 2281 4272 2369 Von anligenten 3000 f das an
3030 2368 4273 2464 Heünt Verfallene halb Iährige
3022 2448 4352 2538 Intee. mit Fünff und Sibenzig
3032 2505 4990 2632 Gulden ut Quit. Hiebey Idest 75 f. - " - "
2980 2677 4377 2785 Dito zalte Ich Herrn Chormaistern
3034 2781 4355 2874 bey St. Stephan Von denen Gärbe
3036 2866 4356 2963 rischen 300 f das an heünt Verfal
3033 2950 4372 3045 lene Iahrs Intee. mit Funffzehen
3026 3045 4321 3139 Gulden Vermög Quittung
3038 3090 4987 3212 Hiebey Idest 15 f. - " - "
2948 3279 4333 3386 Dann Von anligenten 370 f das an
3030 3375 4331 3459 Heünt Verfallene Iahrs Intee.
3034 3454 4314 3537 mit Achtzehen Gulden 4 s
3121 3560 4354 3797 Latus 790 f. - " - "
