<?xml version="1.0" encoding="UTF-8" standalone="yes"?>
<PcGts xmlns="http://schema.primaresearch.org/PAGE/gts/pagecontent/2013-07-15">
    <Metadata>
        <Creator>prov=READ-COOP:name=PyLaia@TranskribusPlatform:version=2.27.0:model_id=364005:lm=provided:date=01_07_2025_11:31</Creator>
        <Created>2025-06-17T09:50:24.628+02:00</Created>
        <LastChange>2025-08-28T14:58:20.084+02:00</LastChange>
        <TranskribusMetadata docId="9076220" pageId="99174051" pageNr="202" status="GT" userId="261754" imgUrl="https://files.transkribus.eu/Get?id=GZJKZYHNCYIBECQOPZWOKKFW&amp;fileType=view" imageId="83209967"/>
    </Metadata>
    <Page imageFilename="99174051.tif" imageWidth="5215" imageHeight="4342">
        <TextRegion id="region_152154342" custom="readingOrder {index:0;}">
            <Coords points="0,0 2607,0 2607,4342 0,4342"/>
            <TextLine id="tl_1751355819" custom="readingOrder {index:0;}">
                <Coords points="2566,641 2561,623 2543,615 2476,619 2289,663 2153,674 1968,704 1835,718 887,720 850,727 826,743 791,755 781,789 785,813 801,823 871,834 993,841 1933,842 2285,825 2412,806 2497,780 2511,751 2547,730 2562,712"/>
                <Baseline points="781,783 2566,783"/>
                <TextEquiv>
                    <Unicode>Vermög Quittung Hiebey Idest 18 f 4 s. - "</Unicode>
                </TextEquiv>
            </TextLine>
            <TextLine id="tl_1751355803" custom="readingOrder {index:1;}">
                <Coords points="712,920 716,999 732,1006 785,1011 1212,1010 1828,991 1986,980 2136,962 2149,958 2152,944 2150,896 2128,886 1673,896 1401,910 1097,905 911,883 787,880 722,889 714,898"/>
                <Baseline points="712,976 2152,976"/>
                <TextEquiv>
                    <Unicode>Similit wegen der Matur oder</Unicode>
                </TextEquiv>
            </TextLine>
            <TextLine id="tl_1751355823" custom="readingOrder {index:2;}">
                <Coords points="2146,999 2138,995 1960,995 1425,1013 1248,1023 951,1028 892,1034 842,1045 836,1055 835,1084 839,1091 855,1095 1252,1096 1545,1092 1943,1076 2142,1058 2146,1052"/>
                <Baseline points="835,1070 2146,1070"/>
                <TextEquiv>
                    <Unicode>Fruhemess die ietzt Quatember</Unicode>
                </TextEquiv>
            </TextLine>
            <TextLine id="tl_1751355826" custom="readingOrder {index:3;}">
                <Coords points="2161,1085 2145,1080 2064,1080 1159,1108 867,1113 833,1116 823,1121 822,1166 827,1173 1524,1174 2097,1152 2156,1144 2162,1135"/>
                <Baseline points="822,1149 2162,1149"/>
                <TextEquiv>
                    <Unicode>Weyhenachten Verfallene Siben</Unicode>
                </TextEquiv>
            </TextLine>
            <TextLine id="tl_1751355854" custom="readingOrder {index:4;}">
                <Coords points="2133,1177 2129,1168 2115,1163 1779,1173 1744,1180 1305,1196 892,1202 833,1212 829,1220 835,1235 828,1240 828,1255 836,1265 857,1269 1382,1270 1974,1257 2069,1249 2119,1239 2132,1220"/>
                <Baseline points="828,1241 2133,1241"/>
                <TextEquiv>
                    <Unicode>Gulden 2 s. Inhalt Quittung</Unicode>
                </TextEquiv>
            </TextLine>
            <TextLine id="tl_1751355851" custom="readingOrder {index:5;}">
                <Coords points="2585,1125 2579,1112 2519,1116 2477,1120 2377,1149 2350,1172 2305,1184 2235,1200 2177,1215 1991,1255 1778,1270 1237,1285 997,1273 935,1282 853,1353 919,1349 1215,1352 1533,1350 1679,1340 1794,1338 1962,1324 2087,1319 2164,1306 2295,1268 2389,1236 2527,1200 2555,1185 2566,1175 2586,1147"/>
                <Baseline points="968,1260 2539,1260"/>
                <TextEquiv>
                    <Unicode>Hiebey Idest 7 f 2 s. - "</Unicode>
                </TextEquiv>
            </TextLine>
            <TextLine id="tl_1751355833" custom="readingOrder {index:6;}">
                <Coords points="785,1399 786,1487 793,1493 808,1496 1409,1496 1937,1484 2124,1464 2135,1457 2133,1400 2121,1394 1617,1391 1139,1397 857,1384 802,1386 788,1391"/>
                <Baseline points="785,1468 2135,1468"/>
                <TextEquiv>
                    <Unicode>Auch zalte Ich denen danerischen</Unicode>
                </TextEquiv>
            </TextLine>
            <TextLine id="tl_1751355829" custom="readingOrder {index:7;}">
                <Coords points="2176,1488 2156,1481 1518,1498 936,1520 864,1531 860,1565 866,1578 1439,1580 1918,1566 2167,1542 2176,1536"/>
                <Baseline points="860,1553 2176,1553"/>
                <TextEquiv>
                    <Unicode>Herrn Beneficiaten Von anligenten</Unicode>
                </TextEquiv>
            </TextLine>
            <TextLine id="tl_1751355839" custom="readingOrder {index:8;}">
                <Coords points="2185,1567 2171,1563 2104,1563 1644,1580 917,1595 859,1602 856,1650 878,1655 1631,1655 1861,1647 2122,1626 2177,1617 2186,1611"/>
                <Baseline points="856,1632 2186,1632"/>
                <TextEquiv>
                    <Unicode>6000 f Cap. das an Heünt Verfalle</Unicode>
                </TextEquiv>
            </TextLine>
            <TextLine id="tl_1751355835" custom="readingOrder {index:9;}">
                <Coords points="2148,1654 2131,1648 1972,1650 922,1682 854,1689 851,1693 851,1736 860,1742 892,1743 1406,1742 1978,1725 2109,1714 2144,1707 2148,1701"/>
                <Baseline points="851,1717 2148,1717"/>
                <TextEquiv>
                    <Unicode>ne halb Iährige Intee. mit Ain</Unicode>
                </TextEquiv>
            </TextLine>
            <TextLine id="tl_1751355816" custom="readingOrder {index:10;}">
                <Coords points="2158,1746 2151,1733 2136,1729 1995,1729 1221,1757 892,1762 863,1765 853,1770 852,1819 873,1824 1832,1823 1992,1815 2143,1796 2157,1782"/>
                <Baseline points="852,1798 2158,1798"/>
                <TextEquiv>
                    <Unicode>hundert und Funffzig Gulden</Unicode>
                </TextEquiv>
            </TextLine>
            <TextLine id="tl_1751355831" custom="readingOrder {index:11;}">
                <Coords points="2583,1692 2577,1678 2530,1720 2191,1794 1934,1820 1711,1814 886,1836 858,1860 853,1865 854,1899 878,1902 1774,1899 2102,1879 2373,1837 2416,1823 2454,1800 2490,1790 2521,1768 2548,1761 2556,1755"/>
                <Baseline points="853,1855 2559,1855"/>
                <TextEquiv>
                    <Unicode>Laut Quittung Hiebey Idest 150 f. - " - "</Unicode>
                </TextEquiv>
            </TextLine>
            <TextLine id="tl_1751355853" custom="readingOrder {index:12;}">
                <Coords points="2103,1942 2095,1937 2059,1933 1792,1932 1516,1944 1220,1975 1083,1976 958,1966 894,1966 837,1981 833,1994 833,2028 844,2036 878,2041 1455,2042 1817,2033 1911,2026 2097,2004 2105,1998"/>
                <Baseline points="833,2013 2105,2013"/>
                <TextEquiv>
                    <Unicode>Ferrer zalte Ich Herrn Iohann</Unicode>
                </TextEquiv>
            </TextLine>
            <TextLine id="tl_1751355809" custom="readingOrder {index:13;} unclear {offset:19;length:10;}">
                <Coords points="2131,2042 2115,2035 2052,2034 1334,2051 1122,2051 928,2043 825,2044 778,2049 769,2055 767,2138 782,2143 1491,2143 1968,2128 2127,2106 2131,2101"/>
                <Baseline points="767,2115 2131,2115"/>
                <TextEquiv>
                    <Unicode>Friderich Söhnlein Riesischen</Unicode>
                </TextEquiv>
            </TextLine>
            <TextLine id="tl_1751355820" custom="readingOrder {index:14;}">
                <Coords points="2149,2141 2137,2134 2106,2133 1283,2162 866,2166 810,2174 809,2230 814,2236 1428,2237 1941,2209 2143,2179 2149,2173"/>
                <Baseline points="809,2211 2149,2211"/>
                <TextEquiv>
                    <Unicode>Beneficiaten Von anligenten</Unicode>
                </TextEquiv>
            </TextLine>
            <TextLine id="tl_1751355812" custom="readingOrder {index:15;}">
                <Coords points="2181,2213 2171,2208 2069,2207 1490,2243 913,2265 848,2275 844,2284 846,2316 1545,2318 1829,2309 2076,2284 2167,2267 2180,2258"/>
                <Baseline points="844,2288 2181,2288"/>
                <TextEquiv>
                    <Unicode>11000 f das den 15.ten diß Verfallene</Unicode>
                </TextEquiv>
            </TextLine>
            <TextLine id="tl_1751355844" custom="readingOrder {index:16;}">
                <Coords points="2155,2316 2140,2308 1977,2308 1423,2332 942,2345 843,2355 838,2360 839,2403 1419,2405 1667,2398 2139,2365 2155,2356"/>
                <Baseline points="838,2380 2155,2380"/>
                <TextEquiv>
                    <Unicode>Halb Iährige Intee. mit Zwey</Unicode>
                </TextEquiv>
            </TextLine>
            <TextLine id="tl_1751355850" custom="readingOrder {index:17;}">
                <Coords points="2170,2409 2164,2395 2150,2392 1901,2392 1483,2412 900,2426 844,2431 831,2436 830,2490 1395,2492 1726,2489 2008,2480 2151,2463 2168,2449"/>
                <Baseline points="830,2467 2170,2467"/>
                <TextEquiv>
                    <Unicode>hundert Fünff und Sibenzig</Unicode>
                </TextEquiv>
            </TextLine>
            <TextLine id="tl_1751355840" custom="readingOrder {index:18;}">
                <Coords points="2581,2367 2571,2353 2534,2369 2407,2397 2365,2415 2168,2463 2096,2473 1579,2496 953,2509 830,2526 822,2537 821,2554 831,2567 900,2570 2043,2566 2291,2529 2422,2493 2462,2469 2490,2461 2514,2437 2552,2418 2563,2406"/>
                <Baseline points="821,2519 2563,2519"/>
                <TextEquiv>
                    <Unicode>Gulden ut Quit. Hiebey Idest 275 f. - " -</Unicode>
                </TextEquiv>
            </TextLine>
            <TextLine id="tl_1751355849" custom="readingOrder {index:19;}">
                <Coords points="2170,2647 2167,2639 2146,2634 1872,2638 1661,2646 1465,2666 1155,2671 932,2667 868,2673 826,2682 819,2695 818,2731 823,2738 890,2744 1637,2744 1839,2736 2103,2719 2161,2711 2168,2707"/>
                <Baseline points="818,2715 2170,2715"/>
                <TextEquiv>
                    <Unicode>Ebenmässig zalte Ich Herrn Mar</Unicode>
                </TextEquiv>
            </TextLine>
            <TextLine id="tl_1751355801" custom="readingOrder {index:20;}">
                <Coords points="2146,2756 2143,2742 2130,2738 2018,2736 1369,2761 831,2757 812,2763 811,2840 817,2848 1376,2849 1878,2824 2036,2809 2129,2791 2144,2781"/>
                <Baseline points="811,2820 2146,2820"/>
                <TextEquiv>
                    <Unicode>tin Sinkhouitz leuita bey St.</Unicode>
                </TextEquiv>
            </TextLine>
            <TextLine id="tl_1751355802" custom="readingOrder {index:21;}">
                <Coords points="2176,2826 2156,2818 2105,2818 1379,2862 872,2870 847,2876 843,2915 848,2924 1489,2926 1680,2922 1929,2910 2111,2893 2170,2881 2176,2874"/>
                <Baseline points="843,2899 2176,2899"/>
                <TextEquiv>
                    <Unicode>Stephan wegen der täglichen Heyl.</Unicode>
                </TextEquiv>
            </TextLine>
            <TextLine id="tl_1751355834" custom="readingOrder {index:22;}">
                <Coords points="2110,2924 2106,2919 2095,2917 1771,2921 868,2952 849,2957 849,3002 857,3006 1508,3006 1866,2989 2004,2976 2100,2962 2110,2954"/>
                <Baseline points="849,2983 2110,2983"/>
                <TextEquiv>
                    <Unicode>Mess bey Vnßern Herrn die</Unicode>
                </TextEquiv>
            </TextLine>
            <TextLine id="tl_1751355818" custom="readingOrder {index:23;}">
                <Coords points="2096,3003 2089,2996 2077,2994 1846,2998 1266,3030 900,3038 860,3045 858,3090 867,3097 898,3099 1375,3099 1702,3091 1910,3070 2086,3047 2096,3040"/>
                <Baseline points="858,3072 2096,3072"/>
                <TextEquiv>
                    <Unicode>ietzt Quatember Weyhenachten</Unicode>
                </TextEquiv>
            </TextLine>
            <TextLine id="tl_1751355800" custom="readingOrder {index:24;}">
                <Coords points="2153,3083 2150,3078 2136,3074 1973,3074 1467,3110 908,3126 839,3138 832,3155 834,3178 849,3185 1562,3187 1777,3183 2084,3161 2140,3153 2153,3142"/>
                <Baseline points="832,3158 2153,3158"/>
                <TextEquiv>
                    <Unicode>Verfallene Zwey und Sechtzig</Unicode>
                </TextEquiv>
            </TextLine>
            <TextLine id="line_1751360387211_3985" custom="readingOrder {index:25;}">
                <Coords points="856,3192 2161,3175 2161,3253 1298,3277 856,3270"/>
                <TextEquiv>
                    <Unicode>Gulden 4 s. Vermög Quittung</Unicode>
                </TextEquiv>
            </TextLine>
            <TextLine id="tl_1751355845" custom="readingOrder {index:26;}">
                <Coords points="2564,3098 2529,3085 2513,3080 2431,3129 2366,3160 2342,3187 2310,3198 2284,3223 2166,3235 1902,3270 1187,3296 1053,3292 882,3306 873,3315 849,3325 842,3367 950,3371 1109,3371 1326,3378 2129,3332 2326,3290 2408,3266 2429,3247 2451,3239 2466,3226 2485,3195 2558,3138"/>
                <Baseline points="873,3276 2533,3276"/>
                <TextEquiv>
                    <Unicode>Hiebey Idest 62 f 4 s. - "</Unicode>
                </TextEquiv>
            </TextLine>
            <TextLine id="tl_1751355852" custom="readingOrder {index:27;}">
                <Coords points="2176,3430 2166,3415 2154,3410 1806,3411 1418,3429 1039,3427 879,3417 828,3421 810,3433 807,3505 810,3513 819,3518 1684,3519 2007,3511 2108,3503 2165,3490 2175,3477"/>
                <Baseline points="807,3491 2176,3491"/>
                <TextEquiv>
                    <Unicode>Similit wegen deß Beneficii auff</Unicode>
                </TextEquiv>
            </TextLine>
            <TextLine id="tl_1751355846" custom="readingOrder {index:28;}">
                <Coords points="833,3519 2106,3519 2106,3603 833,3603"/>
                <Baseline points="833,3582 2106,3582"/>
                <TextEquiv>
                    <Unicode>S S. Trinitatis Altar die iezt</Unicode>
                </TextEquiv>
            </TextLine>
            <TextLine id="line_1751360419159_3999" custom="readingOrder {index:29;}">
                <Coords points="1010,3642 1151,3642 1552,3654 1733,3654 2071,3643 2133,3668 2164,3685 2164,3734 2132,3751 2064,3786 2000,3801 1875,3822 1232,3822 1038,3783 1010,3768"/>
                <Baseline points="1010,3777 2137,3777"/>
                <TextEquiv>
                    <Unicode>Latus 513 f. 2 s. - "</Unicode>
                </TextEquiv>
            </TextLine>
            <TextEquiv>
                <Unicode>Vermög Quittung Hiebey Idest 18 f 4 s. - "
Similit wegen der Matur oder
Fruhemess die ietzt Quatember
Weyhenachten Verfallene Siben
Gulden 2 s. Inhalt Quittung
Hiebey Idest 7 f 2 s. - "
Auch zalte Ich denen danerischen
Herrn Beneficiaten Von anligenten
6000 f Cap. das an Heünt Verfalle
ne halb Iährige Intee. mit Ain
hundert und Funfftzig Gulden
Laut Quittung Hiebey Idest 150 f. - " - "
Ferrer zalte Ich Herrn Iohann
Friderich Söhnlein Riesischen
Beneficiaten Von anligenten
11000 f das den 15.ten diß Verfallene
Halb Iährige Intee. mit Zwey
hundert Fünff und Sibentzig
Gulden ut Quit. Hiebey Idest 275 f. - " -
Ebenmässig zalte Ich Herrn Mar
tin Sinkhouitz leuita bey St.
Stephan wegen der täglichen Heyl.
Mess bey Vnßern Herrn die
ietzt Quatember Weyhenachten
Verfallene Zwey und Sechtzig
Gulden 4 s. Vermög Quittung
Hiebey Idest 62 f 4 s. - "
Similit wegen deß Beneficii auff
S S. Trinitatis Altar die ietzt
Latus 513 f. 2 s. - "</Unicode>
            </TextEquiv>
        </TextRegion>
        <TextRegion id="region_252154342" custom="readingOrder {index:1;}">
            <Coords points="2608,0 5215,0 5215,4342 2608,4342"/>
            <TextLine id="tl_1751355810" custom="readingOrder {index:0;}">
                <Coords points="4403,678 4397,669 4378,664 4182,659 3693,668 3495,680 3179,665 3090,667 3033,677 3018,684 3016,754 3023,763 3063,771 3931,773 4371,759 4398,754 4403,748"/>
                <Baseline points="3016,743 4403,743"/>
                <TextEquiv>
                    <Unicode>Quatember Weyhenachten Ver</Unicode>
                </TextEquiv>
            </TextLine>
            <TextLine id="tl_1751355848" custom="readingOrder {index:1;}">
                <Coords points="4404,792 4400,779 4385,776 4223,776 3115,795 3044,806 3040,849 3042,860 3053,864 4366,863 4390,860 4402,853"/>
                <Baseline points="3040,842 4404,842"/>
                <TextEquiv>
                    <Unicode>fallene Zweinzig Gulden In</Unicode>
                </TextEquiv>
            </TextLine>
            <TextLine id="tl_1751355832" custom="readingOrder {index:2;}">
                <Coords points="5007,891 4974,879 4936,868 4756,858 3245,879 3122,884 3048,899 3040,913 3040,956 3044,962 4067,964 4869,952 5002,923"/>
                <Baseline points="3040,936 4981,936"/>
                <TextEquiv>
                    <Unicode>halt Quittung Hiebey Idest 20 f. - " - "</Unicode>
                </TextEquiv>
            </TextLine>
            <TextLine id="tl_1751355842" custom="readingOrder {index:3;}">
                <Coords points="4427,1062 4424,1047 4415,1040 4352,1026 4257,1017 3837,1020 3575,1039 3392,1043 3311,1041 3135,1021 3042,1019 3001,1021 2979,1028 2977,1107 2983,1119 3002,1124 3186,1133 3796,1134 4103,1129 4416,1112 4426,1106"/>
                <Baseline points="2977,1104 4427,1104"/>
                <TextEquiv>
                    <Unicode>Nitweniger zalte Ich |:titl:| Herrn</Unicode>
                </TextEquiv>
            </TextLine>
            <TextLine id="tl_1751355837" custom="readingOrder {index:4;}">
                <Coords points="4398,1163 4388,1155 4242,1135 4151,1133 3848,1135 3349,1149 3129,1151 3064,1161 3060,1199 3062,1208 3080,1214 3130,1220 3756,1222 4110,1216 4389,1204 4398,1198"/>
                <Baseline points="3060,1199 4398,1199"/>
                <TextEquiv>
                    <Unicode>Lorenz Ignatio Von Saffran</Unicode>
                </TextEquiv>
            </TextLine>
            <TextLine id="tl_1751355822" custom="readingOrder {index:5;}">
                <Coords points="4401,1234 4393,1228 4090,1225 3549,1242 3126,1243 3085,1247 3073,1253 3071,1301 3083,1308 3125,1312 3806,1313 4340,1299 4400,1292"/>
                <Baseline points="3071,1291 4401,1291"/>
                <TextEquiv>
                    <Unicode>Von seinen anligenten 3000 f.</Unicode>
                </TextEquiv>
            </TextLine>
            <TextLine id="tl_1751355825" custom="readingOrder {index:6;}">
                <Coords points="4426,1320 4398,1314 3915,1315 3389,1329 3130,1328 3064,1337 3060,1345 3058,1400 3070,1407 4085,1409 4211,1405 4423,1387"/>
                <Baseline points="3058,1383 4426,1383"/>
                <TextEquiv>
                    <Unicode>das an Heünt Verfallene halb</Unicode>
                </TextEquiv>
            </TextLine>
            <TextLine id="tl_1751355815" custom="readingOrder {index:7;}">
                <Coords points="4414,1417 4399,1410 4073,1410 3127,1434 3089,1438 3074,1444 3073,1502 3083,1507 4325,1504 4388,1498 4410,1492 4414,1485"/>
                <Baseline points="3073,1482 4414,1482"/>
                <TextEquiv>
                    <Unicode>Iährige Intee. mit Fünff und</Unicode>
                </TextEquiv>
            </TextLine>
            <TextLine id="tl_1751355824" custom="readingOrder {index:8;}">
                <Coords points="3075,1516 4390,1516 4390,1611 3075,1611"/>
                <Baseline points="3075,1585 4390,1585"/>
                <TextEquiv>
                    <Unicode>Sibentzig Gulden Vermög</Unicode>
                </TextEquiv>
            </TextLine>
            <TextLine id="tl_1751355806" custom="readingOrder {index:9;}">
                <Coords points="5019,1648 5007,1632 4935,1617 4807,1602 4718,1599 3172,1621 3080,1631 3076,1694 3082,1704 3104,1709 3237,1714 4177,1714 4701,1706 4996,1689 5017,1680"/>
                <Baseline points="3076,1683 5019,1683"/>
                <TextEquiv>
                    <Unicode>Quittung Hiebey Idest 75 f.  - " - "</Unicode>
                </TextEquiv>
            </TextLine>
            <TextLine id="tl_1751355817" custom="readingOrder {index:10;}">
                <Coords points="2994,1790 2996,1863 3015,1872 4200,1874 4385,1869 4412,1865 4419,1858 4416,1798 4409,1792 4363,1778 4335,1774 3819,1773 3572,1778 3430,1790 3348,1792 3260,1780 3243,1766 3176,1754 3114,1753 3056,1758 3010,1768 2998,1774"/>
                <Baseline points="2994,1843 4419,1843"/>
                <TextEquiv>
                    <Unicode>Mehr zalte Ich dem Iohann Geörg</Unicode>
                </TextEquiv>
            </TextLine>
            <TextLine id="tl_1751355821" custom="readingOrder {index:11;}">
                <Coords points="3063,1879 4437,1879 4437,1973 3063,1973"/>
                <Baseline points="3063,1948 4437,1948"/>
                <TextEquiv>
                    <Unicode>Lambökh Von anligenten töller</Unicode>
                </TextEquiv>
            </TextLine>
            <TextLine id="tl_1751355830" custom="readingOrder {index:12;}">
                <Coords points="4404,1987 4395,1980 4350,1976 4176,1975 3612,1984 3489,1994 3162,1998 3127,2001 3074,2014 3069,2023 3069,2059 3079,2064 3133,2070 3318,2076 3871,2075 4380,2059 4404,2052"/>
                <Baseline points="3069,2050 4404,2050"/>
                <TextEquiv>
                    <Unicode>oder Wirgusischen 1000 f. das den</Unicode>
                </TextEquiv>
            </TextLine>
            <TextLine id="tl_1751355828" custom="readingOrder {index:13;}">
                <Coords points="4402,2090 4396,2080 4368,2077 4122,2076 3587,2088 3147,2092 3095,2098 3084,2104 3083,2157 3087,2165 3136,2172 3701,2172 4317,2158 4400,2150"/>
                <Baseline points="3083,2148 4402,2148"/>
                <TextEquiv>
                    <Unicode>17.ten diß Verfallene halb Iahrs</Unicode>
                </TextEquiv>
            </TextLine>
            <TextLine id="tl_1751355843" custom="readingOrder {index:14;}">
                <Coords points="4418,2203 4415,2193 4405,2187 4331,2173 4260,2167 3832,2169 3663,2175 3479,2189 3126,2194 3063,2209 3057,2219 3058,2253 3073,2259 4404,2259 4417,2253"/>
                <Baseline points="3057,2236 4418,2236"/>
                <TextEquiv>
                    <Unicode>Intee. mit Fünff und Zwein</Unicode>
                </TextEquiv>
            </TextLine>
            <TextLine id="tl_1751355804" custom="readingOrder {index:15;}">
                <Coords points="3047,2265 4406,2265 4406,2364 3047,2364"/>
                <Baseline points="3047,2337 4406,2337"/>
                <TextEquiv>
                    <Unicode>tzig Gulden Inhalt Quit</Unicode>
                </TextEquiv>
            </TextLine>
            <TextLine id="tl_1751355838" custom="readingOrder {index:16;}">
                <Coords points="5052,2408 5047,2397 5026,2389 4888,2365 4775,2355 3803,2374 3144,2372 3064,2376 3049,2382 3047,2431 3064,2446 3216,2472 3362,2477 4024,2476 4886,2460 4962,2455 5036,2438 5050,2429"/>
                <Baseline points="3047,2445 5052,2445"/>
                <TextEquiv>
                    <Unicode>tung Hiebey Idest 25 f. - " - "</Unicode>
                </TextEquiv>
            </TextLine>
            <TextLine id="tl_1751355799" custom="readingOrder {index:17;}">
                <Coords points="3072,2537 4464,2537 4464,2651 3072,2651"/>
                <Baseline points="3072,2621 4464,2621"/>
                <TextEquiv>
                    <Unicode>Eodem die zalte Ich Herrn Geörg</Unicode>
                </TextEquiv>
            </TextLine>
            <TextLine id="tl_1751355813" custom="readingOrder {index:18;}">
                <Coords points="3072,2696 3073,2737 3089,2744 4278,2739 4419,2730 4430,2724 4431,2711 4430,2676 4414,2666 4356,2659 3707,2653 3272,2663 3135,2674 3079,2686"/>
                <Baseline points="3072,2719 4431,2719"/>
                <TextEquiv>
                    <Unicode>Ferdinand Stainer Von sei</Unicode>
                </TextEquiv>
            </TextLine>
            <TextLine id="tl_1751355827" custom="readingOrder {index:19;}">
                <Coords points="4440,2752 4432,2746 4387,2743 4165,2743 3711,2753 3393,2774 3136,2767 3075,2775 3069,2783 3070,2827 3075,2830 3115,2835 4370,2832 4427,2827 4439,2822"/>
                <Baseline points="3069,2812 4440,2812"/>
                <TextEquiv>
                    <Unicode>nen anligenten 500 f Cap. das</Unicode>
                </TextEquiv>
            </TextLine>
            <TextLine id="tl_1751355836" custom="readingOrder {index:20;}">
                <Coords points="4394,2858 4366,2849 4318,2846 3920,2844 3714,2847 3403,2861 3113,2882 3098,2888 3097,2920 3101,2930 3113,2934 3305,2942 4145,2939 4361,2931 4393,2928"/>
                <Baseline points="3097,2916 4379,2916"/>
                <TextEquiv>
                    <Unicode>an Heünt Verfallene Iahrs</Unicode>
                </TextEquiv>
            </TextLine>
            <TextLine id="tl_1751355808" custom="readingOrder {index:21;}">
                <Coords points="3038,2941 4426,2941 4426,3035 3038,3035"/>
                <Baseline points="3038,3010 4426,3010"/>
                <TextEquiv>
                    <Unicode>Intee. mit Fünff und Zwein</Unicode>
                </TextEquiv>
            </TextLine>
            <TextLine id="tl_1751355807" custom="readingOrder {index:22;}">
                <Coords points="3051,3042 4400,3042 4400,3154 3051,3154"/>
                <Baseline points="3051,3126 4400,3126"/>
                <TextEquiv>
                    <Unicode>zig Gulden auff sein Quit.</Unicode>
                </TextEquiv>
            </TextLine>
            <TextLine id="tl_1751355805" custom="readingOrder {index:23;}">
                <Coords points="5038,3188 5022,3171 4881,3143 4613,3137 3847,3156 3147,3164 3064,3185 3051,3197 3054,3230 3064,3236 3152,3248 4947,3246 5023,3237 5037,3226"/>
                <Baseline points="3051,3218 5038,3218"/>
                <TextEquiv>
                    <Unicode>Hiebey Idest 25 f. - " - "</Unicode>
                </TextEquiv>
            </TextLine>
            <TextLine id="tl_1751355811" custom="readingOrder {index:24;}">
                <Coords points="3004,3398 3006,3418 3018,3428 3074,3438 3639,3453 4370,3454 4433,3453 4446,3448 4446,3381 4439,3371 4372,3356 4139,3345 3687,3349 3407,3326 3076,3321 3024,3332 3011,3342"/>
                <Baseline points="3004,3420 4446,3420"/>
                <TextEquiv>
                    <Unicode>Den 23.ten dito zalte Ich der Rhein</Unicode>
                </TextEquiv>
            </TextLine>
            <TextLine id="tl_1751355814" custom="readingOrder {index:25;}">
                <Coords points="3057,3452 4444,3452 4444,3555 3057,3555"/>
                <Baseline points="3057,3527 4444,3527"/>
                <TextEquiv>
                    <Unicode>ländtischen Nation Von ihren</Unicode>
                </TextEquiv>
            </TextLine>
            <TextLine id="tl_1751355847" custom="readingOrder {index:26;}">
                <Coords points="3248,3729 3251,3746 3257,3753 3291,3772 3384,3794 3427,3811 3439,3829 3444,3858 3454,3866 3475,3868 3669,3867 3680,3865 3719,3838 3735,3833 3875,3811 4048,3792 4140,3777 4282,3765 4327,3755 4347,3749 4347,3704 4324,3694 4246,3686 4201,3677 4155,3662 4125,3642 4083,3638 3896,3637 3658,3630 3312,3631 3278,3634 3258,3642 3250,3659"/>
                <Baseline points="3248,3807 4333,3807"/>
                <TextEquiv>
                    <Unicode>Latus 145 f. - " - "</Unicode>
                </TextEquiv>
            </TextLine>
            <TextEquiv>
                <Unicode>Quatember Weyhenachten Ver
fallene Zweintzig Gulden In
halt Quittung Hiebey Idest 20 f. - " - "
Nitweniger zalte Ich |:titl:|  Herrn
Lorentz Ignatio Von Saffran
Von seinen anligenten 3000 f.
das an Heünt Verfallene halb
Iährige Intee. mit Fünff und
Sibentzig Gulden Vermög
Quittung Hiebey Idest 75 f.  - " - "
Mehr zalte Ich dem Iohann Geörg
Lambökh Von anligenten töller
oder Wirgusischen 1000 f. das den
17.ten diß Verfallene halb Iahrs
Intee. mit Fünff und Zwein
tzig Gulden Inhalt Quit
tung Hiebey Idest 25 f. - " - "
Eodem die zalte Ich Herrn Geörg
Ferdinand Stainer Von sei
nen anligenten 500 f Cap. das
an Heünt Verfallene Iahrs
Intee. mit Fünff und Zwein
tzig Gulden auff sein Quit.
Hiebey Idest 25 f. - " - "
Den 23.ten dito zalte Ich der Rhein
ländtischen Nation Von ihren
Latus 145 f. - " - "</Unicode>
            </TextEquiv>
        </TextRegion>
    </Page>
</PcGts>
