5201 4363
821 748 2194 867 intzweyen posten anligenten
834 863 2204 968 600 f Cap. das an Heünt Verfal
862 970 2195 1064 lene Iahrs Intee. mit dreyßig
837 973 2576 1179 Gulden ut Quit. Hiebey Idest 30 f. - " - "
765 1254 2201 1363 Dito zalte Ich Herrn Chormaister
829 1365 2181 1466 Von 2000 f Stumpffischen Cap.
851 1475 2225 1573 das an Heünt Verfallene ain
842 1568 2244 1667 Iährige Intee. mit Ain hundert
845 1533 2577 1772 Gulden Gegen Quit. Hiebey Idest 100 f. - " - "
817 1847 2212 1974 Dan Von der Cur anligenten 650 f.
850 1967 2201 2083 das an Heünt Verfallene Iahrs
872 2061 2233 2186 Intee. mit Zwey und dreyßig
838 2166 2219 2270 Gulden 4 s. Vermög Quittung
844 2126 2582 2370 Hiebey Idest 32 f. 4 s. - "
771 2436 2153 2558 Auch zalte Ich Herrn Ignatio
838 2552 2204 2645 Boninini Von seinen anligen
854 2640 2157 2738 ten 1500 f das an heünt Ver
835 2717 2209 2833 fallene 2 Iährige Intee. mit
811 2828 2184 2922 Ain hundert und Funffzig
845 2923 2153 3023 Gulden Inhalt Quittung
854 2836 2571 3107 Hiebey Idest 150 f. - " - "
826 3143 2157 3253 die übrige 50 f gehören in die
853 3258 1828 3367 Banco Raittung ./.
827 3392 2163 3517 Ingleichen zalte Ich denen P P.
796 3516 2150 3611 Minoriten Von anligenten
1022 3658 2172 3838 Latus 312 f. 4 s - "
3017 640 4376 796 Walferischen 1000 f des an heünt
3024 802 4356 887 Verfallene halb Iährige Intee.
3057 896 4318 984 mit Fünff und Zweinzig
3053 993 4322 1077 Gulden Vermög Quittung
3057 1062 5012 1161 Hiebey Idest 25 f. - " - "
3006 1221 4335 1330 Ebenmässig zalte Ich Frauen
3031 1327 4356 1424 Helena Welserin Von ihren
3064 1422 4418 1513 anligenten 2000 f das an heünt
3067 1515 4360 1608 Verfallene halb Iährige Intee.
3062 1605 4370 1699 mit Funfftzig Gulden Crafft
3046 1676 4991 1797 Quittung Hiebey Idest 50 f. - " - "
3034 1829 4383 1936 Ferrer zalte Ich Herrn Gabriel
3009 1932 4354 2037 Mayr von denen Huetma
3060 2032 4350 2129 nischen 1000 f das an heünt
3057 2129 4370 2221 Verfallene Iahrs Intee. mit
3055 2223 4361 2319 Funffzig Gulden auf sein
3058 2293 5026 2426 Quittung Hiebey Idest 50 f. - " - "
3022 2481 4372 2600 Nitweniger zalte Ich dem Iohann
3061 2595 4371 2689 Michäel Kreitzer burgerlichen
3069 2695 4375 2789 Nestler Von anligenten 1500 f
3075 2791 4314 2885 das an Heünt Verfallene
3058 2872 4360 2974 Iahrs Intee. mit Fünff und
3065 2986 4371 3083 Sibenzig Gulden Inhalt
3064 3062 5044 3191 Quittung Hiebey Idest 75. f - " - "
3021 3236 4412 3351 Eodem die zalte Ich dem Benedict
3029 3359 4365 3447 Frankhenberger Von seinen
3036 3447 4386 3539 anligenten 600 f das an heünt
3257 3561 4389 3795 Latus 200 f. - " - "
