5199 4335
843 738 2227 859 terin Von ihren anligenten 600 f.
840 857 2193 956 das den 2.ten diß Verfallene Iahrs
832 952 2183 1047 Intee. mit dreyßig Gulden
812 929 2571 1138 Gegen Quittung Hiebey Idest 30 f. - " - "
797 1150 2212 1271 Ferrer zalte Ich der Mariæ Catharinæ
765 1265 2177 1377 Schusickhin Von ihren anligenten
831 1355 2168 1454 2000 f das den 23.ten Nouemb. Ver
823 1444 2181 1541 fallene halb Iährige Intee. mit
830 1520 2191 1631 Funffzig Gulden auf ihr Quit
835 1494 2571 1719 tung Hiebey Idest 50 f. - " - "
760 1779 2182 1904 Mehr Von ihren anligenten 1000 f.
822 1882 2174 1988 das den 28.ten Nouem. Verfallene
846 1962 2168 2076 Halb Iährige Intee. mit Fünff
845 2069 2161 2167 und Zweinzig Gulden Gegen
842 1995 2568 2275 Quittung Hiebey Idest 25 f - " -
805 2315 2168 2474 Nitweniger zalte Ich der Iungfrauen
818 2445 2173 2564 Claræ Catharinæ V. Kuöring Von
842 2528 2142 2641 ihren anligenten 1500 f. das
855 2620 2155 2733 den 2.ten diß Verfallene halb Iahrs
857 2719 2171 2825 Intee. mit Siben und dreyßig
853 2809 2124 2914 Gulden 4 s. Inhalt Quittung
883 2752 2567 3018 Hiebey Idest 37 f 4 s -
863 3002 2174 3130 In Simili zalte Ich Herrn Iohann
815 3124 2161 3239 Geörg Wielender Von denen
865 3202 2174 3313 erhebten Reitterischen 1000 f.
876 3299 2151 3405 das Von 5.ten April bis anhero
876 3383 2174 3492 auff 8 Monnät Verfallene Intee.
892 3446 2203 3576 mit drey und dreyßig Gulden
879 3318 2573 3637 2 s 20 d. ut Quitt. Hiebey Idest 33 f. 2 s 20 d
1002 3675 2201 3850 Latus 175 f. 6 s 20 d.
3022 596 4306 772 Eodem die zalte Ich dem Iohann
3058 779 4355 866 Ludwig Lanins und seiner Ehe
3051 873 4365 950 wührtin Von anligenten 1000 f
3065 955 4328 1036 das den 17.ten Nouemb. Verfallene
3032 1036 4302 1119 Iahrs Intee. mit Funffzig
3040 1123 4275 1219 Gulden Inhalt Quittung
3027 1175 4953 1296 Hiebey Idest 50 f. - " - "
2980 1355 4409 1468 Gleichermassen zalte Ich dem Mat
3049 1473 4327 1556 thia Leöpold Vitsch Von seinen
3057 1551 4341 1634 anligenten 500 f das den 2.ten diß
3034 1641 4287 1736 Verfallene Iahrs Intee. mit
3032 1740 4332 1837 Fünff und Zweinzig Gulden
3042 1815 4976 1942 Laut Quittung Hiebey Idest 25 f - " - "
2995 2018 4324 2129 Den 8.ten dito zalte Ich der Annæ Mariæ
3040 2133 4307 2223 Hecherin Von ihren anligenten
3037 2216 4345 2304 400 f das an Heünt Verfallene
3033 2306 4364 2400 Halb Iährige Intee. mit Zehen Gul
3035 2395 4947 2505 den Gegen Quit. Hiebey Idest 10 f. - " - "
3009 2561 4367 2670 Den 12.ten dito zalte Ich dem Wohl Ehr
3059 2679 4321 2754 würdtigen Iungfrauen Closter
3072 2760 4334 2843 bey St. Ioseph Von anligenten
3056 2838 4382 2936 templischen 200 f das an heünt
3040 2937 4360 3029 Verfallene Iahrs Intee. mit Ze
3061 3033 4388 3127 hen Gulden Vermög Quittung
3028 3089 4960 3204 Hiebey Idest 10 f - " - "
2999 3260 4364 3361 Dito zalte Ich Herrn Iohann Wil
3016 3370 4396 3455 helm Descan Von anligenten 1000 f
3050 3454 4378 3541 das an Heünt Verfallene Iahrs
3237 3572 4357 3821 Latus 95 f - " - "
