5168 4341
759 708 2189 827 Verfallene Iahrs Intee. mit Zwelff
768 824 2130 908 Gulden 4 s. Vermög Quittung
766 809 2530 970 Hiebey Idest 12 f. 3 s - "
699 1043 2078 1161 Den 29.ten dito zalte Ich Herrn Franz
761 1163 2118 1242 Antonio Gußman Benefici
762 1247 2109 1326 ato ad S. Magdalenam Von denen
765 1324 2107 1408 anligenten templischen 200 f das
770 1412 2093 1495 den 22 diß Verfallene Iahrs
764 1495 2111 1582 Intee. mit Zehen Gulden ut
763 1460 2527 1661 Quittung Hiebey Idest 10 f - " - "
698 1731 2081 1837 Dito zalte Ich dem WohlEhrwirdtigen
752 1831 2073 1933 Iungfrauen Closter bey St. Iacob
738 1920 2053 2005 Von anligenten Praunischen
746 2004 2115 2092 300 f das den 20.ten diß Verfallene
771 2080 2138 2175 Iahrs Intee. mit Funffzehen gul
768 2061 2529 2263 den Crafft Quit. Hiebey Idest 15 f - " - "
748 2283 2109 2388 Von 500 f das den Lezten diß Ver
753 2373 2122 2475 fallene Iahrs Intee. mit Fünff
769 2469 2094 2556 und Zweinzig Gulden In
756 2404 2540 2650 halt Quit. Hiebey Idest 25 f - " - "
723 2675 2108 2786 Von 800 f das den 23.ten Nouemb.
721 2775 2092 2880 Verfallene Iahrs Intee. mit
756 2881 2064 2966 Vierzig Gulden Vermög
750 2810 2531 3058 Quittung Hiebey Idest 40 f - " - "
720 3100 2105 3218 Den Von 400 f das den 10.ten diß
767 3208 2113 3302 Verfallene Iahrs Intee. mit
797 3289 2098 3381 Zweinzig Gulden Inhalth
805 3222 2532 3458 Quittung Hiebey Idest 20 f - " - "
831 3480 2077 3585 Similiter zalte Ich Herrn Michael
930 3638 2060 3850 Latus 122 f. 4 s. - "
2997 655 4373 766 Hürstel Von anligente Spieglischen
3025 768 4366 846 1200 f das den 25.ten octob. Verfalle
3017 854 4396 935 ne Iahrs Intee. mit Sechzig Gulden
3016 906 4884 1026 Gegen Quittung Hiebey Idest 60 f - " - "
2994 1046 4331 1148 Ferrer zalte Ich dem Cristian
2959 1142 4349 1231 Häseler und Iacob Brabandt
3010 1230 4315 1311 der Franz fuxischen Pupillen Ver
3041 1313 4312 1387 ordteneten Gerhaben Von ihnen
3044 1391 4324 1470 anligenten 800 f das den 26. 8bris
3016 1476 4375 1563 Verfallene Iahrs Intee. mit Vier
3018 1561 4348 1650 tzig Gulden Laut Quittung und
3026 1655 4327 1743 Herrn Oberraitthandlers Frin
3016 1738 4938 1852 derungs Zetl Hiebey Idest 40 - " - "
2964 1877 4330 2003 Nitweinger zalte Ich Herrn Peter
3001 2001 4367 2083 Michäel Alt Von seinen anligenten
3018 2084 4362 2163 1000 f das den 27.ten diß Verfallene
2992 2162 4386 2248 Iahrs Intee. mit Funffzig Gulden
2991 2201 4939 2336 Crafft Quittung Hiebey Idest 50 f - " - "
2981 2398 4342 2498 Den 30.ten dito zalte Ich dem herrn
3007 2500 4292 2585 P. Regenti in Seminario Von
3027 2585 4326 2681 denen Rechbergerischen 10 f. das
3027 2682 4290 2764 an heünt Verfallene halb
3009 2769 4329 2861 Iährige Intee. mit Zwey hun
2998 2860 4339 2955 dert und Funffzig Gulden
3023 2937 4974 3056 Laut Quittung Hiebey Idest 250 f - " - "
2970 3113 4394 3234 Dito zalte Ich denen P. P. Francisca
3037 3231 4352 3317 nern zu Clostneüburg Von
3035 3318 4402 3408 anligenten 1000 f das an heunt
3009 3406 4429 3491 Verfallene Iahrs Intee. mit Funff
3007 3483 4981 3595 zig Gulden ut Quit. hiebey Idest 50 f - " - "
3196 3636 4304 3807 Latus 450 f - " - "
