5199 4340
774 690 2186 839 Intee. mit Funffzig Gulden
812 750 2558 944 Crafft Quittung Hiebey Idest 50 f - " - "
767 1013 2159 1123 Den 13.ten dito zalte Ich Herrn Chor
827 1118 2156 1220 maistern bey St. Stephan Von
835 1217 2154 1319 denen Haiderischen 150 f Cap. das
827 1302 2163 1407 an Heünt Verfallene halb Iahrs
830 1390 2146 1490 Intee. mit Siben Gulden 4 s.
816 1343 2569 1580 Laut Quittung Hiebey Idest 7 f 4 s - "
777 1639 2156 1772 Dito zalte Ich dem Franz Roth Von
830 1757 2149 1871 denen Hugnischen 400 f das an
840 1844 2164 1961 gestern Verfallene Iahrs Intee.
838 1943 2200 2060 mit Zweinzig Gulden auff
841 1912 2565 2162 sein Quittung Hiebey Idest 20 f - " - "
795 2199 2177 2352 Den 14.ten dito zalte Ich denen PP. Ser
829 2343 2143 2446 uiten Von ihren anligenten
849 2420 2169 2525 1000 f das den 2.ten diß Verfallene
839 2505 2183 2618 Halb Iährige Intee. mit Fünff
853 2597 2163 2708 und Zweinzig Gulden Crafft
854 2552 2554 2803 Quittung Hiebey Idest 25 f. - " -
768 2874 2148 2990 Dito zalte Ich der Mariæ Franciscæ
822 2975 2173 3084 Lochin Von ihres Kindts anligenten
829 3069 2159 3172 500. f Cap. das den 28.ten Nouem.
819 3160 2155 3268 Verfallene halb Iährige Intee.
833 3258 2156 3363 mit Zwelff Gulden 4 s. Gegen
829 3160 2556 3467 Quittung Hiebey Idest 12 f 4 s. -
749 3487 2161 3615 Auch zalte Ich dem Ioseph Mayr
987 3698 2150 3856 Latus 115 f. - " - "
3010 687 4353 809 Von seinen anligenten 1500 f das
3036 813 4338 903 angestern Verfallene Iahrs
3007 905 4345 993 Intee. mit Fünff und Siben
3018 1003 4350 1086 tzig Gulden Vermög Quit
3047 1081 4985 1192 tung Hiebey Idest 75 f. - " - "
3003 1240 4342 1344 Ingleichen zalte Ich dem Franz
3013 1346 4340 1436 Carl Kogler Von denen Conrad
3008 1440 4364 1535 Englischen 396 f das den 17.ten dis
3019 1535 4331 1628 Verfallene Iahrs Intee. mit
3029 1628 4340 1725 Neüntzehen Gulden 6 s 12 d.
3016 1718 4964 1840 Laut Quittung Hiebey Idest 19 f 6 s 12 d.
2975 1889 4336 2004 Dan Von 150 f das den 17.ten diß
2996 2010 4359 2100 Verfallene Iahrs Intee. mit
3035 2102 4284 2193 Siben Gulden 4 s. Vermög
3016 2150 4925 2310 Quittung Hiebey Idest 7 f. 4 s - "
2999 2355 4271 2470 Den 15.ten dito zalte Ich Frauen
3032 2474 4309 2554 Mariæ Elisabethæ Pauerin
3025 2564 4282 2639 Hieuor Zeißlmayrin Von
3022 2642 4304 2737 ihrer Kinder anligenten 800 f
3037 2732 4345 2830 das an Heünt Verfallene halb
3009 2832 4353 2920 Iährige Intee. mit Zwainzig
3005 2926 4280 3028 Gulden auf ihr Quittung
3016 2984 4949 3114 Hiebey Idest 20 f - " - "
2964 3175 4293 3280 Dito zalte Ich Herrn Rimund
3017 3290 4293 3375 Moriz Von seinen anligenten
3023 3377 4335 3462 7000 f. das an heünt Verfallene
3042 3463 4311 3545 halb Iährige Intee. mit Ain
3098 3560 4385 3816 Latus 122 f 2 s 12 d.
