5184 4335
777 658 2169 837 Similiter zalte Ich denen PP. Seruiten
732 827 2158 907 Von ihren anligenten 2000 f Cap.
755 909 2145 996 das den 20.ten diß Verfallene halb
768 1004 2146 1097 Iährige Intee. mit Funffzig
769 997 2556 1193 Gulden ut Quit. Hiebey Idest 50 f. - " - "
727 1257 2148 1373 Dan von 300 f. das an heunt Ver
820 1357 2167 1464 fallene  ½ Iahrs Intee. mit Fünff
781 1460 2120 1550 und Sibenzig Gulden Inhalt
773 1425 2552 1639 Quittung Hiebey Idest 75 f - " - "
719 1694 2147 1806 Auch zalte Ich Frauen Maria Barba
780 1799 2138 1890 ræ Gaunin Von ihren anligenten
803 1878 2108 1973 Paumanischen 3700 f Cap. das
806 1949 2144 2052 an Heünt Verfallene Iahrs Intee.
806 2038 2125 2141 mit Ain hundert Fünff und
805 2124 2166 2229 achtzig Gulden Vermög Quit
796 2091 2559 2322 tung Hiebey Idest 185 f - " - "
754 2363 2128 2475 Ferrer zalte Ich Herrn Geörgen
744 2461 2102 2575 Reitter Capellmaistern bey
805 2558 2093 2660 St. Stephan wegen der Litaney
818 2631 2136 2741 am Hoff die der Music an heünt
805 2733 2116 2840 auff ain halbes Iahr Verfallene
782 2833 2098 2921 Zwey hundert Funffzehen
784 2768 2553 3015 Gulden ut Quit. Hiebey Idest 215 f. - " - "
689 3062 2097 3191 Nitweniger zalte Ich dem Mathiæ
744 3190 2114 3286 Steger Frennerischen Gerhaben
787 3282 2119 3377 Von denn anligenten Hannß
776 3370 2127 3466 Niclosischen 440 f das an Heunt
791 3464 2088 3547 Verfallene Iahrs Intee. per Zwey
780 3360 2555 3637 und Zweinzig Gulden ut Quit Idest 22 - " - "
843 3697 2002 3841 Latus 547 f - " - "
2956 583 4373 777 Auch zalte Ich Herrn Iohann Baptista
3037 781 4348 867 Petschingg Pfarrern zu Cärnä
3034 871 4380 955 brun Von der Kirchen anligenten
3057 966 4342 1051 700 f das an Heünt Verfallene
3052 1056 4308 1146 Iahrs Intee. mit Fünff und
3054 1148 4295 1235 dreyßig Gulden Vermög
3040 1210 4960 1343 Quittung Hiebey 33 26 8br. Idest 35 f - " - "
3008 1406 4355 1520 Den 30.ten dito zalte Ich ihme Von an
3053 1526 4335 1613 ligenten 500 f das an heünt Vor
3042 1616 4367 1704 fallene Iahrs Intee. mit Fünff
3050 1706 4359 1796 und Zweinzig Gulden Laut
3042 1763 4958 1891 Quittung Hiebey Idest 25 f - " - "
2969 1960 4301 2091 Dan Von der Kirchen zu Weinstein
3039 2097 4331 2188 anligenten 300 f das anheünt
3022 2188 4385 2273 Verfallene Iahrs Intee. mit Fünff
3020 2278 4377 2376 zehen Gulden Inhalt Quittung
3027 2339 4969 2454 Hiebey Idest 15 f - " - "
3011 2517 4355 2617 Item Von denen zu dißer Kirchen
2991 2620 4339 2715 gehörig 700 f das an heünt
3020 2719 4336 2810 Verfallene Iahrs Intee. mit
3016 2811 4342 2900 Fünff und dreyßig Gulden
3003 2896 4971 3001 Crafft Quittung Hiebey Idest 35 f - " - "
3072 2993 3765 3065 de dato 3 Nouemb.
2942 3146 4376 3278 Den 29.ten dito zalte Ich Herrn Iohann
2996 3275 4301 3355 Iacob Marinoni Von seinen
3010 3357 4366 3440 anligenten 500 f Cap. das den 3.ten
3026 3442 4330 3540 Augu. Verfallene halb Iährige
3182 3598 4296 3761 Latus 110 f - " - "
