5193 4297
794 664 2150 787 Sechzig Gulden Vermög Quit
813 674 2568 880 tung Hiebey Idest 65 f - " - "
761 949 2104 1062 Den 7.ten dito zalte Ich denen P P. Ie
782 1075 2120 1166 suitern in Collegio Von anli
785 1157 2118 1263 genten Knechtlischen 500 f. das
773 1268 2054 1363 den 30.ten Nouemb. Verfallene
783 1351 2090 1456 Iahrs Intee. mit Fünff und
788 1464 2098 1558 Zwainzig Gulden Inhalt
794 1412 2573 1658 Quittung Hiebey Idest 25 f. - " - "
768 1745 2092 1869 Dito zalte Ich denen P P. Seruiten
792 1858 2080 1965 Von anligenten 2000 f das den
790 1953 2096 2059 2.ten diß Verfallene halb Iährige
773 2047 2112 2136 Intee. mit Funffzig Gulden
811 1993 2566 2242 Crafft Quittung Hiebei Idest 50 f. - " -
792 2315 2142 2462 Auch zalte Ich denen Herrn Super
809 2440 2131 2551 intendenten über das Zuchthauß
806 2536 2137 2655 Von anligenten 500 f das den
806 2637 2110 2752 2.ten diß Verfallene Iahrs Intee.
825 2735 2165 2845 mit Fünff und Zweinzig gul
799 2647 2563 2939 den ut Quittung Hiebey Idest 25 f. - " -
754 3025 2127 3138 Dan Von 1000 f das den Lezten
809 3130 2145 3231 Nouem. Verfallene Iahrs Intee.
827 3225 2137 3322 mit Funffzig Gulden Laut
812 3131 2563 3408 Quittung Hiebey Idest 50 f - " - "
784 3434 2131 3543 item Von 1000 f ain Iahr den
851 3591 2173 3772 Latus 215 f. - " - "
3039 634 4358 752 26.ten octobris Verfallene Iahrs
3043 757 4334 845 Intee. mit Funffzig Gulden
3044 811 4945 948 Laut Quittung Hiebey Idest 50 f. - " - "
2974 990 4408 1108 Mehr Von 1500 f ain Iahr den 23.ten
3047 1110 4359 1200 octob. Verfallen mit Fünff
3065 1198 4335 1285 und Sibenzig Gulden Gegen
3051 1254 4989 1387 Quittung Hiebey Idest 75 f. - " - "
3007 1432 4369 1540 Vnd Von 500 f ain Iahr den 3. 7bris
3020 1537 4415 1629 Verfallen mit Fünff und Zwein
3026 1638 4340 1746 zig Gulden Vermög Quittung
3043 1722 4991 1837 Hiebey Idest 25 f.  - " - "
2942 1879 4351 2012 Similit zalte Ich frauen Annæ
3042 2016 4359 2101 Barbaræ Häglin Von ihren an
3045 2100 4348 2189 ligenten 3000 f das an Heünt
3045 2194 4342 2287 Verfallene Iahrs Intee. mit
3037 2282 4383 2382 Ain hundert Fünff und Funff
3039 2391 4320 2493 zig Gulden Inhalt Quittung
3048 2453 4978 2581 Hiebey Idest 150 f. - " - "
3015 2666 4340 2773 Den zalte Ich der Annæ Catharinæ
3025 2778 4357 2861 Kreitzerin Von ihren anligen
3025 2863 4352 2947 ten 1000 f das den 16. Nouemb.
3034 2952 4335 3041 Verfallene Iahrs Intee. mit
3049 3045 4278 3137 Funffzig Gulden Vermög
3049 3110 5006 3231 Quittung Hiebey Idest 50 f. - " - "
3034 3276 4317 3378 Auch zalte Ich der Mariæ Ioannæ
3060 3377 4357 3479 Schgumbserin gebohrner Schret
3246 3515 4335 3746 Latus 350 f. - " - "
