<?xml version="1.0" encoding="UTF-8" standalone="yes"?>
<PcGts xmlns="http://schema.primaresearch.org/PAGE/gts/pagecontent/2013-07-15">
    <Metadata>
        <Creator>prov=READ-COOP:name=PyLaia@TranskribusPlatform:version=2.27.0:model_id=364005:lm=provided:date=01_07_2025_11:31</Creator>
        <Created>2025-06-17T09:50:23.434+02:00</Created>
        <LastChange>2025-08-28T14:52:52.444+02:00</LastChange>
        <TranskribusMetadata docId="9076220" pageId="99174043" pageNr="196" status="GT" userId="261754" imgUrl="https://files.transkribus.eu/Get?id=VWDSXZQKBYRVXMTQNOHOTQIP&amp;fileType=view" imageId="83209953"/>
    </Metadata>
    <Page imageFilename="99174043.tif" imageWidth="5192" imageHeight="4328">
        <TextRegion id="region_151924328" custom="readingOrder {index:0;}">
            <Coords points="0,0 2596,0 2596,4328 0,4328"/>
            <TextLine id="tl_1751355844" custom="readingOrder {index:0;}">
                <Coords points="734,798 737,809 745,815 797,823 1208,829 2053,827 2082,823 2122,810 2133,797 2139,742 2135,721 2116,713 1819,713 1415,703 1205,705 1151,700 1013,673 860,672 782,680 762,685 744,696 735,719"/>
                <Baseline points="734,789 2139,789"/>
                <TextEquiv>
                    <Unicode>Intee. mit Zwelff Gulden 4 s. Gegen</Unicode>
                </TextEquiv>
            </TextLine>
            <TextLine id="tl_1751355873" custom="readingOrder {index:1;}">
                <Coords points="2552,753 2550,731 2524,735 2380,742 2302,758 2260,774 2203,783 2171,797 1985,825 1582,838 802,834 776,844 775,904 789,918 838,921 1502,921 1826,913 2260,884 2399,859 2428,843 2469,831 2495,809 2522,799 2537,786"/>
                <Baseline points="775,873 2543,873"/>
                <TextEquiv>
                    <Unicode>Quittung Hiebey Idest 12 f. 4 s. - "</Unicode>
                </TextEquiv>
            </TextLine>
            <TextLine id="tl_1751355857" custom="readingOrder {index:2;}">
                <Coords points="747,1011 748,1085 772,1093 1896,1093 2060,1080 2082,1074 2090,1062 2090,999 2085,993 2070,990 1916,991 1692,1001 1572,1000 1408,1011 1333,1011 1160,992 971,981 816,978 760,987 750,994"/>
                <Baseline points="747,1062 2090,1062"/>
                <TextEquiv>
                    <Unicode>Den Ersten Decembris zalte Ich</Unicode>
                </TextEquiv>
            </TextLine>
            <TextLine id="tl_1751355871" custom="readingOrder {index:3;}">
                <Coords points="2088,1099 2073,1095 1917,1095 1640,1103 855,1103 807,1107 788,1114 786,1175 799,1183 1580,1184 1910,1177 2085,1163 2090,1154"/>
                <Baseline points="786,1161 2090,1161"/>
                <TextEquiv>
                    <Unicode>Herrn P. Subpriori zum Schotten</Unicode>
                </TextEquiv>
            </TextLine>
            <TextLine id="tl_1751355872" custom="readingOrder {index:4;}">
                <Coords points="2075,1191 2061,1187 1931,1186 1435,1193 1234,1201 827,1198 789,1201 773,1207 772,1260 775,1267 784,1271 818,1275 1945,1275 2019,1267 2073,1256 2077,1243"/>
                <Baseline points="772,1252 2077,1252"/>
                <TextEquiv>
                    <Unicode>Von denen anligenten Schulzischen</Unicode>
                </TextEquiv>
            </TextLine>
            <TextLine id="l" custom="readingOrder {index:5;}">
                <Coords points="811,1351 1050,1352 1616,1348 2084,1337 2084,1277 1672,1277 1111,1280 818,1293"/>
                <Baseline points="811,1351 1050,1352 1616,1348 2084,1337"/>
                <TextEquiv>
                    <Unicode>7000 f das anheünt Verfallene</Unicode>
                </TextEquiv>
            </TextLine>
            <TextLine id="tl_1751355840" custom="readingOrder {index:6;}">
                <Coords points="2122,1358 2106,1354 1288,1373 838,1372 772,1383 768,1425 770,1438 1814,1437 2015,1425 2110,1413 2123,1405"/>
                <Baseline points="768,1417 2123,1417"/>
                <TextEquiv>
                    <Unicode>halb Iährige Intee. Ain hundert</Unicode>
                </TextEquiv>
            </TextLine>
            <TextLine id="tl_1751355850" custom="readingOrder {index:7;}">
                <Coords points="2113,1474 2108,1453 2086,1444 2050,1440 1900,1439 854,1454 787,1459 777,1464 775,1476 782,1497 790,1501 776,1508 777,1520 794,1529 1271,1532 1954,1525 2045,1517 2096,1508 2108,1500"/>
                <Baseline points="775,1508 2113,1508"/>
                <TextEquiv>
                    <Unicode>Fünff und Sibenzig Gulden</Unicode>
                </TextEquiv>
            </TextLine>
            <TextLine id="tl_1751355843" custom="readingOrder {index:8;}">
                <Coords points="2545,1423 2538,1410 2467,1440 2404,1444 2115,1504 1958,1523 1644,1535 854,1548 775,1560 768,1567 767,1613 834,1617 1723,1615 2095,1595 2299,1569 2416,1540 2429,1533 2446,1505 2484,1485"/>
                <Baseline points="767,1572 2489,1572"/>
                <TextEquiv>
                    <Unicode>Crafft Quittung Hiebey Idest 175 f - " - "</Unicode>
                </TextEquiv>
            </TextLine>
            <TextLine id="tl_1751355868" custom="readingOrder {index:9;}">
                <Coords points="2089,1700 2085,1693 2066,1688 1912,1684 1297,1699 948,1694 751,1696 730,1700 724,1706 723,1782 729,1789 748,1792 1725,1792 1870,1786 2086,1763"/>
                <Baseline points="723,1765 2089,1765"/>
                <TextEquiv>
                    <Unicode>Dito zalte Ich dem Iohann Schindler</Unicode>
                </TextEquiv>
            </TextLine>
            <TextLine id="tl_1751355877" custom="readingOrder {index:10;}">
                <Coords points="2089,1808 2088,1795 2078,1790 1727,1794 1267,1817 836,1815 788,1819 776,1824 774,1878 777,1885 1525,1887 1874,1878 2077,1860 2088,1853"/>
                <Baseline points="774,1862 2089,1862"/>
                <TextEquiv>
                    <Unicode>Von seinen anligenten 600 f das</Unicode>
                </TextEquiv>
            </TextLine>
            <TextLine id="tl_1751355855" custom="readingOrder {index:11;}">
                <Coords points="2062,1892 2041,1885 1527,1892 893,1915 788,1927 784,1935 784,1975 789,1982 802,1984 1461,1984 1772,1973 2053,1951 2062,1945"/>
                <Baseline points="784,1957 2062,1957"/>
                <TextEquiv>
                    <Unicode>an Heünt Verfallene Iahrs</Unicode>
                </TextEquiv>
            </TextLine>
            <TextLine id="tl_1751355880" custom="readingOrder {index:12;}">
                <Coords points="2082,1993 2078,1982 2059,1977 1913,1974 1378,1997 807,2008 785,2015 784,2065 795,2068 1698,2068 2014,2058 2060,2050 2077,2043 2082,2029"/>
                <Baseline points="784,2043 2082,2043"/>
                <TextEquiv>
                    <Unicode>Intee. mit dreyßig Gulden</Unicode>
                </TextEquiv>
            </TextLine>
            <TextLine id="tl_1751355854" custom="readingOrder {index:13;}">
                <Coords points="2509,1989 2549,1948 2549,1910 2410,1980 2127,2035 1983,2056 1539,2075 944,2084 815,2092 769,2101 767,2150 786,2153 1613,2153 1983,2130 2171,2106 2323,2094 2442,2074 2479,2050 2478,2022 2508,2001"/>
                <Baseline points="767,2106 2509,2106"/>
                <TextEquiv>
                    <Unicode>Laut Quitt. Hiebey Idest 30 f - " - "</Unicode>
                </TextEquiv>
            </TextLine>
            <TextLine id="tl_1751355876" custom="readingOrder {index:14;}">
                <Coords points="2107,2244 2104,2236 2088,2230 2031,2227 1715,2231 1341,2253 1040,2244 779,2243 731,2252 713,2262 709,2344 711,2351 1517,2353 1884,2341 1989,2329 2101,2308 2107,2299"/>
                <Baseline points="709,2320 2107,2320"/>
                <TextEquiv>
                    <Unicode>Den 2.ten dito zalte Ich der Löbl. Congre</Unicode>
                </TextEquiv>
            </TextLine>
            <TextLine id="tl_1751355863" custom="readingOrder {index:15;}">
                <Coords points="2104,2347 2099,2341 2088,2340 1934,2341 840,2379 752,2393 748,2399 749,2438 758,2445 1419,2447 1821,2431 2090,2407 2104,2399"/>
                <Baseline points="748,2418 2104,2418"/>
                <TextEquiv>
                    <Unicode>gation deß Heyl. Philippi Ne</Unicode>
                </TextEquiv>
            </TextLine>
            <TextLine id="tl_1751355845" custom="readingOrder {index:16;} unclear {offset:19;length:3;}">
                <Coords points="2108,2442 2098,2434 2060,2431 1874,2434 1255,2460 820,2469 763,2476 759,2510 765,2527 1424,2529 1957,2511 2100,2498 2108,2491"/>
                <Baseline points="759,2503 2108,2503"/>
                <TextEquiv>
                    <Unicode>rii Von denen Barbatre Lebischen</Unicode>
                </TextEquiv>
            </TextLine>
            <TextLine id="tl_1751355832" custom="readingOrder {index:17;}">
                <Coords points="2134,2529 2130,2521 2109,2517 1564,2527 1178,2545 797,2552 770,2555 760,2561 761,2614 1340,2616 1918,2596 2067,2585 2130,2575 2134,2568"/>
                <Baseline points="760,2589 2134,2589"/>
                <TextEquiv>
                    <Unicode>50 f Cap. das den 6.ten 7bris Verfal</Unicode>
                </TextEquiv>
            </TextLine>
            <TextLine id="tl_1751355878" custom="readingOrder {index:18;}">
                <Coords points="2082,2618 2079,2611 2063,2607 1820,2607 1537,2613 1208,2630 790,2642 759,2648 757,2699 760,2704 1543,2706 1776,2704 1989,2693 2059,2686 2076,2680 2082,2666"/>
                <Baseline points="757,2679 2082,2679"/>
                <TextEquiv>
                    <Unicode>lene Iahrs Intee. mit Zwey</Unicode>
                </TextEquiv>
            </TextLine>
            <TextLine id="tl_1751355870" custom="readingOrder {index:19;}">
                <Coords points="2095,2715 2091,2708 2075,2703 1945,2703 1514,2718 827,2722 787,2726 778,2731 777,2804 789,2806 1652,2805 1802,2798 1942,2797 2030,2790 2086,2778 2095,2759"/>
                <Baseline points="777,2778 2095,2778"/>
                <TextEquiv>
                    <Unicode>Gulden 4 s. Vermög Quit</Unicode>
                </TextEquiv>
            </TextLine>
            <TextLine id="tl_1751355867" custom="readingOrder {index:20;}">
                <Coords points="2544,2636 2507,2661 2476,2661 2422,2677 2383,2702 2350,2709 2317,2735 2193,2768 2095,2784 1688,2811 855,2828 786,2838 771,2845 767,2854 798,2896 965,2917 1871,2872 2160,2855 2308,2830 2447,2786 2481,2761 2508,2749 2546,2685"/>
                <Baseline points="767,2820 2521,2820"/>
                <TextEquiv>
                    <Unicode>tung Hiebey Idest 2 f 4 s. - "</Unicode>
                </TextEquiv>
            </TextLine>
            <TextLine id="tl_1751355874" custom="readingOrder {index:21;}">
                <Coords points="2110,2991 2099,2985 2063,2983 1585,2998 1401,3011 1330,3011 1112,2995 899,2988 788,2990 736,2999 724,3006 721,3097 725,3105 735,3109 1690,3111 1846,3105 1996,3091 2103,3071 2110,3063"/>
                <Baseline points="721,3079 2110,3079"/>
                <TextEquiv>
                    <Unicode>Den 4.ten dito zalte Ich Herrn Peter</Unicode>
                </TextEquiv>
            </TextLine>
            <TextLine id="tl_1751355852" custom="readingOrder {index:22;}">
                <Coords points="2060,3122 2055,3115 2038,3112 1915,3111 829,3137 798,3140 787,3145 788,3196 797,3202 842,3210 1242,3211 1501,3203 1866,3183 2045,3164 2060,3157"/>
                <Baseline points="787,3186 2060,3186"/>
                <TextEquiv>
                    <Unicode>Sauoy Chormaistern bey St.</Unicode>
                </TextEquiv>
            </TextLine>
            <TextLine id="tl_1751355865" custom="readingOrder {index:23;}">
                <Coords points="2094,3203 2089,3195 1923,3194 1780,3198 1368,3225 1062,3233 819,3234 802,3240 798,3251 798,3282 810,3292 858,3300 910,3302 1517,3299 1858,3285 1940,3279 2086,3258 2092,3255"/>
                <Baseline points="798,3275 2094,3275"/>
                <TextEquiv>
                    <Unicode>Stephan Von anligenten 80 f</Unicode>
                </TextEquiv>
            </TextLine>
            <TextLine id="tl_1751355861" custom="readingOrder {index:24;}">
                <Coords points="2117,3296 2103,3291 1723,3299 1103,3329 866,3333 802,3344 798,3354 798,3392 806,3400 1564,3402 1924,3389 2111,3366 2117,3361"/>
                <Baseline points="798,3372 2117,3372"/>
                <TextEquiv>
                    <Unicode>das an Heünt Verfallene Iahrs</Unicode>
                </TextEquiv>
            </TextLine>
            <TextLine id="tl_1751355834" custom="readingOrder {index:25;}">
                <Coords points="2167,3399 2159,3392 2081,3390 1666,3403 1357,3418 849,3425 794,3432 790,3440 790,3482 801,3494 1656,3496 1939,3492 2106,3474 2121,3467 2135,3451 2160,3439 2166,3426"/>
                <Baseline points="790,3468 2167,3468"/>
                <TextEquiv>
                    <Unicode>Intee. mit Vier Gulden Crafft</Unicode>
                </TextEquiv>
            </TextLine>
            <TextLine id="tl_1751355879" custom="readingOrder {index:26;}">
                <Coords points="2555,3365 2548,3312 2099,3476 1993,3500 1908,3507 1497,3513 874,3508 833,3510 817,3516 813,3526 812,3558 817,3578 847,3581 1858,3579 2071,3561 2138,3542 2388,3486"/>
                <Baseline points="812,3558 2147,3558"/>
                <TextEquiv>
                    <Unicode>Quitung Hiebey Idest 4 f - " -</Unicode>
                </TextEquiv>
            </TextLine>
            <TextLine id="tl_1751355875" custom="readingOrder {index:27;}">
                <Coords points="2105,3741 2105,3703 2092,3690 1913,3654 1789,3654 1566,3662 955,3663 912,3673 923,3680 921,3686 936,3692 957,3708 965,3724 972,3755 988,3781 1041,3804 1130,3814 1790,3813 1913,3794 2050,3764 2099,3750"/>
                <Baseline points="912,3774 2105,3774"/>
                <TextEquiv>
                    <Unicode>Latus 224 f - " - "</Unicode>
                </TextEquiv>
            </TextLine>
            <TextEquiv>
                <Unicode></Unicode>
            </TextEquiv>
        </TextRegion>
        <TextRegion id="region_251924328" custom="readingOrder {index:1;}">
            <Coords points="2596,0 5192,0 5192,4328 2596,4328"/>
            <TextLine id="tl_1751355830" custom="readingOrder {index:0;}">
                <Coords points="3016,664 3017,725 3031,737 3069,748 3128,757 3250,765 4050,764 4208,757 4299,748 4328,740 4360,739 4359,693 4323,669 4278,656 4224,649 3923,647 3614,661 3501,653 3481,642 3450,635 3429,615 3401,603 3395,596 3389,558 3383,550 3324,528 3218,537 3162,553 3149,565 3117,572 3101,587 3065,599 3061,615 3052,626 3029,633 3021,641"/>
                <Baseline points="3016,705 4333,705"/>
                <TextEquiv>
                    <Unicode>Den 5.ten dito zalte Ich |:titl:| herrn</Unicode>
                </TextEquiv>
            </TextLine>
            <TextLine id="tl_1751355851" custom="readingOrder {index:1;}">
                <Coords points="3042,767 4329,767 4329,863 3042,863"/>
                <Baseline points="3042,839 4329,839"/>
                <TextEquiv>
                    <Unicode>Christoph Friderich Schmidt</Unicode>
                </TextEquiv>
            </TextLine>
            <TextLine id="tl_1751355856" custom="readingOrder {index:2;}">
                <Coords points="3042,866 4382,866 4382,954 3042,954"/>
                <Baseline points="3042,932 4382,932"/>
                <TextEquiv>
                    <Unicode>N.Ö. Regts Rath Von anligenten</Unicode>
                </TextEquiv>
            </TextLine>
            <TextLine id="tl_1751355842" custom="readingOrder {index:3;} unclear {offset:0;length:14;}">
                <Coords points="4360,972 4355,961 4328,957 4169,955 3600,971 3345,993 3187,985 3099,985 3040,997 3036,1003 3036,1041 3059,1049 3148,1052 3948,1052 4162,1045 4352,1029 4360,1022"/>
                <Baseline points="3036,1027 4360,1027"/>
                <TextEquiv>
                    <Unicode>Hierneisischen 3000 f das den</Unicode>
                </TextEquiv>
            </TextLine>
            <TextLine id="tl_1751355835" custom="readingOrder {index:4;}">
                <Coords points="4378,1060 4359,1053 4261,1053 3537,1070 3120,1070 3052,1079 3047,1087 3047,1122 3052,1130 3303,1153 3749,1153 4233,1142 4315,1136 4375,1126"/>
                <Baseline points="3047,1128 4378,1128"/>
                <TextEquiv>
                    <Unicode>16. Nouemb. Verfallene Iahrs</Unicode>
                </TextEquiv>
            </TextLine>
            <TextLine id="tl_1751355831" custom="readingOrder {index:5;}">
                <Coords points="4400,1181 4399,1167 4390,1160 4303,1149 3939,1150 3455,1167 3256,1161 3064,1165 3011,1176 3006,1184 3005,1223 3008,1233 3022,1238 3109,1241 4376,1240 4399,1232"/>
                <Baseline points="3005,1218 4400,1218"/>
                <TextEquiv>
                    <Unicode>Intee. mit Ain hundert und</Unicode>
                </TextEquiv>
            </TextLine>
            <TextLine id="tl_1751355839" custom="readingOrder {index:6;}">
                <Coords points="3020,1249 4355,1249 4355,1336 3020,1336"/>
                <Baseline points="3020,1312 4355,1312"/>
                <TextEquiv>
                    <Unicode>Funffzig Gulden Inhalt</Unicode>
                </TextEquiv>
            </TextLine>
            <TextLine id="tl_1751355829" custom="readingOrder {index:7;}">
                <Coords points="4961,1359 4949,1351 4862,1321 4801,1315 4622,1314 4234,1337 3647,1347 3109,1348 3016,1359 3012,1410 3017,1421 3044,1426 3318,1443 4742,1441 4877,1428 4946,1410 4962,1397"/>
                <Baseline points="3012,1410 4962,1410"/>
                <TextEquiv>
                    <Unicode>Quittung Hiebey Idest 150 f - " - "</Unicode>
                </TextEquiv>
            </TextLine>
            <TextLine id="tl_1751355847" custom="readingOrder {index:8;}">
                <Coords points="2980,1540 2980,1602 2984,1611 3045,1623 3123,1629 3385,1639 4328,1639 4352,1633 4355,1571 4348,1557 4158,1542 3681,1540 3486,1549 3300,1520 3059,1514 2996,1519 2983,1526"/>
                <Baseline points="2980,1607 4355,1607"/>
                <TextEquiv>
                    <Unicode>Den 6.ten dito zalte Ich dem Wohl Ehr</Unicode>
                </TextEquiv>
            </TextLine>
            <TextLine id="tl_1751355858" custom="readingOrder {index:9;}">
                <Coords points="3021,1645 4309,1645 4309,1735 3021,1735"/>
                <Baseline points="3021,1711 4309,1711"/>
                <TextEquiv>
                    <Unicode>wirdtigen Iungfrauen Closter</Unicode>
                </TextEquiv>
            </TextLine>
            <TextLine id="tl_1751355860" custom="readingOrder {index:10;}">
                <Coords points="3030,1744 4347,1744 4347,1830 3030,1830"/>
                <Baseline points="3030,1807 4347,1807"/>
                <TextEquiv>
                    <Unicode>bey St. Lorenz Von ihren anli</Unicode>
                </TextEquiv>
            </TextLine>
            <TextLine id="tl_1751355833" custom="readingOrder {index:11;}">
                <Coords points="2988,1835 4398,1835 4398,1933 2988,1933"/>
                <Baseline points="2988,1907 4398,1907"/>
                <TextEquiv>
                    <Unicode>genten 2000 f Cap. das an heünt</Unicode>
                </TextEquiv>
            </TextLine>
            <TextLine id="tl_1751355848" custom="readingOrder {index:12;}">
                <Coords points="3013,1938 4357,1938 4357,2033 3013,2033"/>
                <Baseline points="3013,2007 4357,2007"/>
                <TextEquiv>
                    <Unicode>Verfallene Iahrs Intee. mit</Unicode>
                </TextEquiv>
            </TextLine>
            <TextLine id="tl_1751355846" custom="readingOrder {index:13;}">
                <Coords points="3013,2035 4317,2035 4317,2137 3013,2137"/>
                <Baseline points="3013,2110 4317,2110"/>
                <TextEquiv>
                    <Unicode>Ain hundert Gulden Gegen</Unicode>
                </TextEquiv>
            </TextLine>
            <TextLine id="tl_1751355828" custom="readingOrder {index:14;}">
                <Coords points="4945,2231 4945,2181 4936,2167 4893,2155 4862,2132 4794,2125 3765,2147 3092,2142 3035,2146 3021,2158 3021,2206 3031,2218 3168,2246 3235,2252 4848,2251 4928,2246 4939,2242"/>
                <Baseline points="3021,2218 4945,2218"/>
                <TextEquiv>
                    <Unicode>Quittung Hiebey Idest 100 f - " - "</Unicode>
                </TextEquiv>
            </TextLine>
            <TextLine id="tl_1751355837" custom="readingOrder {index:15;}">
                <Coords points="2943,2324 2942,2393 2948,2409 2997,2420 3061,2426 3161,2430 4312,2428 4321,2420 4321,2362 4314,2353 4157,2337 3953,2326 3776,2331 3399,2330 3304,2326 3220,2312 3113,2304 2993,2305 2955,2311 2947,2315"/>
                <Baseline points="2942,2397 4321,2397"/>
                <TextEquiv>
                    <Unicode>Dito zalte Ich denen PP. Domini</Unicode>
                </TextEquiv>
            </TextLine>
            <TextLine id="tl_1751355859" custom="readingOrder {index:16;}">
                <Coords points="3010,2442 4329,2442 4329,2531 3010,2531"/>
                <Baseline points="3010,2508 4329,2508"/>
                <TextEquiv>
                    <Unicode>canern Von anligenten 240 f</Unicode>
                </TextEquiv>
            </TextLine>
            <TextLine id="tl_1751355841" custom="readingOrder {index:17;}">
                <Coords points="3020,2536 4315,2536 4315,2639 3020,2639"/>
                <Baseline points="3020,2611 4315,2611"/>
                <TextEquiv>
                    <Unicode>das den Ersten diß Verfallene</Unicode>
                </TextEquiv>
            </TextLine>
            <TextLine id="tl_1751355849" custom="readingOrder {index:18;}">
                <Coords points="2996,2639 4366,2639 4366,2734 2996,2734"/>
                <Baseline points="2996,2708 4366,2708"/>
                <TextEquiv>
                    <Unicode>Iahrs Intee. mit Zwelff Gulden</Unicode>
                </TextEquiv>
            </TextLine>
            <TextLine id="tl_1751355866" custom="readingOrder {index:19;}">
                <Coords points="2984,2728 4938,2728 4938,2854 2984,2854"/>
                <Baseline points="2984,2821 4938,2821"/>
                <TextEquiv>
                    <Unicode>Crafft Quittung Hiebey Idest 12 f - " - "</Unicode>
                </TextEquiv>
            </TextLine>
            <TextLine id="tl_1751355869" custom="readingOrder {index:20;}">
                <Coords points="2955,2945 2955,3007 2963,3021 3013,3032 3125,3039 4160,3040 4291,3032 4341,3024 4354,3017 4355,2949 4341,2943 3991,2927 3743,2927 3275,2949 3085,2925 3021,2924 2972,2928 2962,2932"/>
                <Baseline points="2955,3011 4355,3011"/>
                <TextEquiv>
                    <Unicode>Auch zalte Ich der Löbl. Bruderschafft</Unicode>
                </TextEquiv>
            </TextLine>
            <TextLine id="tl_1751355864" custom="readingOrder {index:21;}">
                <Coords points="2998,3043 4326,3043 4326,3128 2998,3128"/>
                <Baseline points="2998,3106 4326,3106"/>
                <TextEquiv>
                    <Unicode>Mariæ Empfängnus bey denen</Unicode>
                </TextEquiv>
            </TextLine>
            <TextLine id="tl_1751355838" custom="readingOrder {index:22;}">
                <Coords points="2987,3128 4344,3128 4344,3217 2987,3217"/>
                <Baseline points="2987,3194 4344,3194"/>
                <TextEquiv>
                    <Unicode>PP. Franciscanern Von denen</Unicode>
                </TextEquiv>
            </TextLine>
            <TextLine id="tl_1751355853" custom="readingOrder {index:23;}">
                <Coords points="4378,3241 4359,3233 4312,3228 4174,3225 3697,3228 3411,3239 3055,3237 3002,3243 2995,3251 2995,3274 3004,3282 3062,3292 3356,3313 4360,3312 4377,3306"/>
                <Baseline points="2995,3291 4378,3291"/>
                <TextEquiv>
                    <Unicode>in zweyen posten anligenten 1300 f</Unicode>
                </TextEquiv>
            </TextLine>
            <TextLine id="tl_1751355836" custom="readingOrder {index:24;}">
                <Coords points="3004,3312 4325,3312 4325,3402 3004,3402"/>
                <Baseline points="3004,3378 4325,3378"/>
                <TextEquiv>
                    <Unicode>das den 30.ten Nouemb. Verfallene</Unicode>
                </TextEquiv>
            </TextLine>
            <TextLine id="tl_1751355827" custom="readingOrder {index:25;}">
                <Coords points="3003,3407 4322,3407 4322,3503 3003,3503"/>
                <Baseline points="3003,3479 4322,3479"/>
                <TextEquiv>
                    <Unicode>Iahrs Intee. mit Fünff und</Unicode>
                </TextEquiv>
            </TextLine>
            <TextLine id="tl_1751355862" custom="readingOrder {index:26;}">
                <Coords points="3160,3659 3162,3683 3169,3700 3180,3708 3215,3720 3434,3747 3538,3754 3856,3756 3991,3727 4137,3713 4208,3710 4257,3702 4291,3698 4291,3650 4257,3636 4212,3623 4083,3596 3844,3578 3518,3562 3296,3562 3194,3580 3171,3594 3166,3608 3170,3620"/>
                <Baseline points="3160,3706 4265,3706"/>
                <TextEquiv>
                    <Unicode>Latus 262 f - " - "</Unicode>
                </TextEquiv>
            </TextLine>
            <TextEquiv>
                <Unicode>Den 5.ten dito zalte Ich |:titl:| herrn
Christoph Friderich Schmidt
N.Ö. Regts Rath Von anligenten
Hierneisischen 3000 f das den
16. Nouemb. Verfallene Iahrs
Intee. mit Ain hundert und
Funfftzig Gulden Inhalt
Quittung Hiebey Idest 150 f - " - "
Den 6.ten dito zalte Ich dem Wohl Ehr
wirdtigen Iungfrauen Closter
bey St. Lorentz Von ihren anli
genten 2000 f Cap. das an heünt
Verfallene Iahrs Intee. mit
Ain hundert Gulden Gegen
Quittung Hiebey Idest 100 f - " - "
Dito zalte Ich denen PP. Domini
canern Von anligenten 240 f
das den Ersten diß Verfallene
Iahrs Intee. mit Zwelff Gulden
Crafft Quittung Hiebey Idest 12 f - " - "
Auch zalte Ich der Löbl. Bruderschafft
Mariæ Empfängnus bey denen
PP. Franciscanern Von denen
in zweyen posten anligenten 1300 f
das den 30.ten Nouemb. Verfallene
Iahrs Intee. mit Fünff und
Latus 262 f - " - "</Unicode>
            </TextEquiv>
        </TextRegion>
    </Page>
</PcGts>
