4793 3602
579 239 1747 398 Leonharden Khiming Tischler Satzbrieff
631 379 1760 514 Per Ainhundert gulden Reinisch des datum
668 479 1304 595 den 7. Martii Anno 69.
528 579 1768 762 Baltasarn Pühler Stainmessen Satzbrieff
610 745 1692 857 Per Ainhundert gulden Rh. des datum
640 841 1555 960 den Andern Decembris Anno 63.
542 982 1718 1149 Pettern Ossterman Bekhanndtnus In
618 1135 1779 1266 die Iägerspergerisch Curatorey gehorig
496 1284 1701 1451 Herrn Steffan Pisano Quittung vmb
640 1439 1768 1580 betzallten Purckhrechtzins vom Iäger
647 1547 903 1638 sperger
528 1689 1744 1862 Barbara helmin Wittib Satzbrief Per
623 1839 1692 1960 Ainhundert gulden Reinisch datum den
623 1934 1325 2046 4 Ianuarii Anno 70.ten
516 2090 1659 2235 Walthasari Puhler Stainmessen Satz
599 2225 1695 2362 brief Per Funfundachtzig gulden Rh.
520 2360 1666 2532 Hannsen herolt Pinter Satzbrief Per
541 2518 1678 2630 Achtundsibentzig gulden Soll bey des
576 2618 1737 2764 Prelaten Zue Schotten Grund Puech Auf
2982 218 4148 430 Michaeln Pausth Pinnter verändert
3047 411 4184 531 vnnder Alß dann dem herrn Ober Camrer
3074 524 3627 649 Zugestellt werden
2964 678 4150 858 Ain Satz Auß Zug von Vlrichen Hueber In der
3049 831 4135 947 heilingstat Auf wolffganng Iäger
3044 917 4232 1042 sperger vmb funfftzig thaller Lautenden
3042 1021 4183 1139 Ietzo Gemainer Stat gehorig des datum
3057 1119 3784 1259 den 15. Septembris Anno 69.
2953 1180 4210 1426 Herrn Brobst Zue Clossterneirburg Consens
3061 1408 4081 1537 vber den Stain Pruch Zue Ober Sifring
2979 1583 4146 1736 Ain Schuldtzettl von Georgen Schober von
3016 1706 4142 1811 Leibtzig vmb Ainhundert sibentzehen gulden
3045 1792 4135 1925 Rh. Auf weillennd Rudolffen Khoch Laut
3027 1930 3230 2010 endt
2946 2039 4127 2221 Hannß Patzeller Pader Satzbrief Per
3037 2190 4168 2303 funfund sechtzig Phund Phening des datum
3048 2286 3845 2418 den 12 Septembris Anno 64.
2917 2416 4159 2605 Michaeln Otterer Satzbrief Per Ainhundert
3045 2570 4127 2689 Neuntzig gulden des datum den 21.ten
3060 2666 3506 2805 Iulii Anno etc. 64.
