4781 3665
684 320 1802 525 Nota hiewos Folio 94. Stehen 2 Possten
713 512 1778 611 Aine Per 150 f. vnnd die annder
702 591 1729 709 Per 18. f. 6 s. d. so vnnder dise
712 694 1438 813 Rubrickhen gehören
3006 78 3762 480 Ausgab
2784 517 4050 831 Auf der Zapffen
3156 819 4074 1016 mas Bestandt
2982 1091 3995 1263 Item den 1 Ianuarii Anno etc. 78. Zalt
3031 1249 4036 1351 Ich herrn Sigmund Leisser Zu Cam
3032 1340 4026 1430 mern Ainer Ersamen Lanndschafft
3021 1423 4009 1519 Zu Ossterreich vnnder der Ennß
3026 1504 4018 1598 bestellttem Einnemer Zu Abschlag
3016 1581 4044 1687 Gemainer Stat Wienn Ausstendigen
3022 1667 3999 1777 duplierten Zapffenmaß Vermüg
3012 1756 3984 1875 Quittung hiebey 3450 f. Rh.
3765 1851 4673 2009 Idest f. 3450 s - d -
2917 2148 4013 2282 Den 21 dito Zalt Ich Ermelltem herrn
2987 2267 4033 2373 Einnemer etc. Zu Abschlag gemainer
3003 2346 3991 2454 Stat Wienn Ausstenndigen dup
3013 2440 3968 2544 plierten Zapffenmas 1070 f Rh.
2975 2526 4619 2659 Laut Quittung Idest f. 1070 - " -
3264 2777 4042 2921 Latus 4520 f. - s - d.
3165 3029 4058 3164 Vngeltts Dienner Bsöldung
3255 3148 3980 3252 503. f. 6. s. d.
