4942 3931
2567 217 4430 713 Ausgab auf die Bur
3028 687 4167 841 ger Schuell bey St. Stephann
2961 962 4195 1113 Den 23. Februarii Anno etc. Sechtzehenhundert
3012 1100 4191 1209 Ain vnnd Viertzig Zalte Ich Herrn Iohann
3021 1196 4263 1296 Caspar Pierbach der Burgerschuel Rectorn
3027 1285 4246 1377 das mit Reminiscere Ihme verfallenes
3025 1362 4174 1460 Besoldungs Quartal Benentlichen
3025 1447 4195 1550 Sechs vnnd Sibentzig gulden rh. ver
3010 1524 4769 1693 müg Quittung so hiebey Idest 76 f - s -
2947 1778 4190 1919 Den 25. Maii Zalte Ich Herrn M. Caspar
3015 1907 4211 2012 Iohann Pierbach Rectorn auf der Bur
3014 2000 4355 2102 gerschuech sein mit Pfüngsten Quatember
3022 2094 4257 2198 dis Iahr verfallene Quartals Bsoldung
3027 2190 4290 2291 Benentlichen Sechs vnd Sibentzig gulden
3003 2266 4769 2416 rh. vermüg Quittung so hiebey Idest 76 f - s -
2986 2566 4257 2730 Den 26. September Zalte Ich herrn Caspar
3024 2711 4187 2822 Iohann Pierbach auf der Burgerschuel
3050 2813 4171 2906 bestelten Rectorn weegen des Ihme
3051 2898 4207 2989 von Gema. Statt für dis Iahr anstatt
3046 2978 4230 3105 aines Muth Mehlß das geldt darfür
3361 3202 4461 3427 Lattus 152. f - s - d.
