4927 3901
713 688 1832 833 durch die vnnderschidliche gewöhnt
731 823 1843 927 liche Zaltungs Täg vermüg Quittung
720 859 2426 1019 so hiebey Idest 156 f - s - d.
643 1125 1850 1270 Ingleichen beZalte Ich auch Gema. Statt
705 1265 1910 1371 Wienn beeden Weingarth Vbergehern
725 1355 1830 1463 Hannßen Pfeiffer vnnd Casparn
725 1445 1954 1552 Pudenitz die Innen von Ersten Ianuarii
732 1529 1802 1631 bis Lesten dits Monaths von 52.
714 1624 1871 1721 Wochen verfallene Diensts Bsoldung
727 1712 1913 1810 alß für Iedem die Wochen Ain gul
717 1799 1882 1900 den Zusamben Benentlichen Ain
716 1877 1952 1993 hundert Vier gulden rh. welche durch
720 1986 1924 2089 vnderschidliche gewöhntliche Zallungs
718 2077 1877 2188 Täg beZalt worden seint vermüg
723 2144 2450 2312 Quittung so hiebey Idest 104 f - s -
690 2417 1841 2577 Deßgleichen beZalte Ich Gema. Statt
741 2562 1922 2670 Wienn Verordneten beeden Marckht
742 2650 1897 2754 richtern Hannßen Millner vnnd
755 2738 1923 2862 Paulln Pierckher die Innen auf diß
761 2853 1925 2980 Iar von Ersten Ianuarii bis Lesten
760 2931 1910 3063 dis Monaths verfallene Iahrs Be
1019 3167 2234 3377 Lattus 260. f - s - d.
2877 660 3984 804 soldung alß Iedem Wochentlich Ain
2899 791 4019 887 gulden von 52. Wochen aber Zusamben
2878 882 4013 989 Benentlichen Ainhundert Vier gulden
2897 961 4615 1123 vermüg Quittung so hiebey Idest 104 f - s -
2824 1180 4121 1350 So seindt auch dem Hannßen Schlag Burger
2920 1331 4033 1443 vnnd Gema. Statt Rauchfangkherern
2916 1433 4075 1533 die Ihme für dis Iahr Zu ainer Bsoldung
2914 1524 4072 1643 gewöhntliche VierZehen gulden vermüg
2919 1598 4481 1764 Quitung so hiebey Idest 14 f -
2858 1869 4061 2018 Den Lesten dito Zalte Ich Gema. Statt ober
2909 2008 4090 2114 Cammer Ambts Remanentzern herrn
2913 2103 4049 2199 Mathes Leopoldt härben des Aussern
2897 2194 4171 2298 Raths sein auf das Iahr gewöhntliche diensts
2915 2285 4166 2406 Bsoldung Benentlichen Ainhundert Funff
2888 2387 4039 2541 tzig gulden vermüg Quittung so hiebey
3845 2444 4411 2598 Idest 150 f -
2830 2718 4340 3276 Latus 268 f - s
