4949 3935
677 760 1933 886 weegen richtung der vhr mit Quatember
703 875 1928 976 Phingsten gebiehrendte deputat Benent
700 961 1910 1074 lichen Vier gulden rh. vermüg Quittung
711 1035 2389 1171 so hiebey Idest 4 f - s -
665 1281 1890 1405 Den 15. Iunii Zalte Ich dem Maister Peter
695 1398 1824 1488 Däntzer Burgerlichen Schnaider vmb
697 1486 1845 1567 willen der für die Canthorey Khnaben
709 1561 1881 1647 Zu St. Stephann auf dis Iahr gemachten
703 1640 1947 1736 Somer Klaidern Benentlichen funfftzehen
704 1729 1938 1829 gulden 6 s vermüg gefertigten Auß
685 1751 2433 1924 Zugs so hiebey Idest 15 f 6 s - d.
675 2027 1908 2164 Den 29. Iulii Zalte Ich dem Iohann Puechner
705 2154 1907 2248 Discant Geigern Zu St. Stephann von dem
714 2241 1899 2328 durch Ihme von Ersten Ianuarii bis 26.
711 2317 1958 2420 Maii dis Iahrs verrichten Extraordinarii
714 2396 1903 2494 Khirchen Diensten die dauon gebiehrendte
714 2482 1872 2581 Bsoldung oder deputat Benentlichen
708 2567 1831 2660 Viertzig gulden rh. vermüg Herrn
711 2648 1874 2753 Winsauers Capellmaisters Zu St. Ste
701 2740 1970 2859 phann VerZaichnus vnnd darauf gestelten
727 2824 2420 2973 Quittung so hiebey Idest 40 f - s -
1025 3123 1994 3317 Lattus 59. f. 6. s - d.
2975 721 4151 859 Den 3. Augustii Zalte Ich dem Maister
3011 858 4142 963 oßwaldten Hoffman Burgerlichen
3022 951 4189 1039 Huetmachern vmb willen der für die
3021 1030 4185 1135 Canthorey Khnaben Zu St. Stephann auf
3012 1123 4276 1224 dis Iar auß dessen werckhstatt genamb
3005 1212 4230 1312 enen Hietten sambt Schinarln für Ieden
3009 1305 4178 1408 Ain gulden 6. s Zusamben Benent
2988 1400 4207 1500 lichen Zehen gulden 4 s vermüg Auß
2999 1500 4748 1659 Zigl so hiebey Idest 10 f. 4 s -
2981 1783 4226 1916 Den Lesten dito Zalte Ich Herrn Mathiaßen
3030 1909 4193 2007 Valdtsperger Burger vnnd handlßman
3026 1998 4268 2107 alhier weegen für die Canthorey Khnaben
3031 2098 4210 2188 Zu Ihren winder vnnd Somer Klaidern
3021 2185 4252 2278 auß dessen handlung fergegebenen Mesä
3011 2273 4164 2357 län Schniern vnnd ainer wahren
3017 2355 4182 2455 vber beschechenen abbruch Pr. 5 f. 55 krh.
3000 2446 4268 2544 Benentlichen fünff vnnd Neüntzig gulden
3016 2532 4791 2677 rh. vermüg Quittung so hiebey Idest 95 f - s - d.
2990 2823 4266 2996 Den 28. September Zalte Ich Herrn Iohann
3024 2974 4203 3098 Winsauer Zu St. Stephann sein Zu Ietzt
3299 3163 4399 3388 Lattus 105 f. 4. s - d.
