4931 3902
694 702 1846 853 Wienn Verordneten Zween fleischbe
727 848 1813 944 schauern Anderen Schwabenegger
730 928 1807 1030 vnnd Sebastian Mayr die Innen
730 1023 1838 1122 von Ersten Ianuarii bis Lesten dis
729 1113 1862 1202 an der Zeit von 52 Wochen gebiehr
720 1195 1844 1291 endte Diensts Bsoldung alß Iedem
726 1280 1932 1376 Wochentlich Ain gulden 2 s Zusamben
728 1362 1829 1453 aber Benentlichen Ainhundert
718 1445 1842 1543 Dreissig gulden rh. durch die vnnder
739 1536 1811 1627 schidliche gewöhntliche Zallungs Täg
730 1568 2461 1740 vermüg Quittung so hiebey Idest 130 f - s - d.
707 1854 1852 2013 Ebensfals beZalt Ich Gema. Statt Ver
716 2004 1890 2132 ordneten Vier feurruessern Iosephen
738 2097 1823 2231 Erlich Pauln Schermayr Cristophen
762 2194 1221 2276 Ruemb vnnd
760 2262 1902 2383 die Ienigen von Ersten Ianuarii bis
761 2365 1855 2479 Lesten December von 52 Wochen Zu
758 2468 1949 2584 raithen alß Iedem Wochentlich Ain gulden
754 2552 1843 2662 4 s Zusamben aber Benentlichen
748 2639 1935 2770 Dreyhundert Zwölff gulden rh. etc Innen
761 2734 1857 2842 durch gewöhntliche Zallungs Täg be
760 2829 1904 2942 Zalt worden seindt vermüg Quit
762 2865 2453 3042 tung so hiebey Idest 312 f - s - d
944 3167 2052 3375 Lattus 442 f - s - d.
3025 683 4270 836 Ebenermassen wirdt beZalt Mathiaßen
3028 818 4215 918 Mehl Rathmaistern für sich vnd an statt
3029 912 4284 1006 der andern Siben Scardienern die Innen
3040 987 4162 1097 auf dis Iahr verfallene Diensts Be
3038 1075 4184 1184 soldung alß von Ersten Ianuarii bis
3033 1174 4179 1266 Lesten December an der Zeit von 52
3023 1251 4316 1367 Wochen alß für Ihme Rattmaister wochent
3020 1352 4150 1456 lich Zween denen andern Siben Er
3030 1444 4152 1544 nenten Scardienern aber wochent
3022 1538 4144 1635 lich Ain gulden 6 s Zusamben also
3008 1623 4221 1723 Benentlichen Sibenhundert Ain vnd
3032 1720 4176 1826 Viertzig gulden rh. durch die vnder
3021 1801 4141 1902 schidliche gewöhntliche Zallungs Täg
3011 1891 4735 2054 vermüg Quittung so hiebey Idest 741 f - s -
2948 2155 4256 2311 Ingleichen beZalte Ich Gema. Statt Wienn
3029 2304 4279 2419 Verordneten beeden Infections Spärrern
3021 2399 4232 2493 Adamen Cramer vnnd Vrban Langen
3039 2492 4155 2594 die Innen von Ersten Ianuarii bis
3031 2578 4164 2681 Lesten December alß von 52 Wochen
3030 2666 4156 2775 Iedem Wochentlich Ain gulden 4. s.
3029 2766 4178 2871 Zusamben Benentlichen Ainhun
3031 2859 4163 2955 dert Sechs vnnd funfftzig gulden rh.
3038 2948 4185 3075 verfallene völlige Iahrs Besoldung
3271 3171 3980 3361 Lattus per Se.
