<?xml version="1.0" encoding="UTF-8" standalone="yes"?>
<PcGts xmlns="http://schema.primaresearch.org/PAGE/gts/pagecontent/2013-07-15" xmlns:xsi="http://www.w3.org/2001/XMLSchema-instance" xsi:schemaLocation="http://schema.primaresearch.org/PAGE/gts/pagecontent/2013-07-15 http://schema.primaresearch.org/PAGE/gts/pagecontent/2013-07-15/pagecontent.xsd">
    <Metadata>
        <Creator>prov=READ-COOP:name=PyLaia@TranskribusPlatform:version=2.26.0:model_id=327853:lm=provided:date=07_05_2025_10:47</Creator>
        <Created>2025-04-30T10:48:39.052+02:00</Created>
        <LastChange>2025-05-07T15:45:18.176+02:00</LastChange>
        <TranskribusMetadata docId="8217852" pageId="96070901" pageNr="172" tsid="242485190" status="IN_PROGRESS" userId="261754" imgUrl="https://files.transkribus.eu/Get?id=UFYIDEFUZJPZBCLDTJZBRWAJ&amp;fileType=view" xmlUrl="https://files.transkribus.eu/Get?id=QUDEEBFJJMHLCBRSJUNQWEKW" imageId="80434482"/>
    </Metadata>
    <Page imageFilename="96070901.tif" imageWidth="4966" imageHeight="3936">
        <ReadingOrder>
            <OrderedGroup id="ro_1746625518176" caption="Regions reading order">
                <RegionRefIndexed index="0" regionRef="region_149663936"/>
                <RegionRefIndexed index="1" regionRef="region_249663936"/>
            </OrderedGroup>
        </ReadingOrder>
        <TextRegion id="region_149663936" custom="readingOrder {index:0;}">
            <Coords points="0,0 2483,0 2483,3936 0,3936"/>
            <TextEquiv>
                <Unicode></Unicode>
            </TextEquiv>
        </TextRegion>
        <TextRegion id="region_249663936" custom="readingOrder {index:1;}">
            <Coords points="2483,0 4966,0 4966,3936 2483,3936"/>
            <TextLine id="tl_1746606466" custom="readingOrder {index:0;}">
                <Coords points="2667,317 2668,596 2677,615 2707,632 2730,658 2797,679 3428,715 3734,718 3902,734 4276,735 4320,726 4330,674 4352,652 4360,624 4364,465 4355,429 4293,388 4220,371 4089,367 3916,381 3725,386 3614,404 3549,400 3345,349 3225,303 3192,281 3161,270 3133,243 3059,225 2935,238 2748,271 2676,299"/>
                <Baseline points="2667,606 4364,606"/>
                <TextEquiv>
                    <Unicode>Ausgab auf die Can</Unicode>
                </TextEquiv>
            </TextLine>
            <TextLine id="tl_1746606476" custom="readingOrder {index:1;}">
                <Coords points="3195,720 3195,793 3199,808 3207,816 3232,826 3298,837 3394,844 3594,846 3715,851 3773,846 4017,841 4068,836 4077,828 4077,775 4075,766 4068,761 4008,749 3836,733 3746,713 3616,718 3550,725 3470,713 3280,712 3228,709 3209,710 3199,714"/>
                <Baseline points="3195,814 4077,814"/>
                <TextEquiv>
                    <Unicode>torey bey St Stephann</Unicode>
                </TextEquiv>
            </TextLine>
            <TextLine id="tl_1746606467" custom="readingOrder {index:2;}">
                <Coords points="2985,1003 2985,1056 2998,1069 3135,1079 3177,1087 3506,1084 3647,1071 3710,1071 3832,1086 3877,1087 3968,1078 4188,1084 4205,1080 4209,1075 4207,1026 4192,1016 4149,1006 4012,1004 3955,998 3875,982 3851,971 3798,959 3747,959 3618,973 3537,975 3199,954 3043,959 2999,971 2990,982"/>
                <Baseline points="2985,1053 4209,1053"/>
                <TextEquiv>
                    <Unicode>Den 17 Ianuarii des Eingegangenen</Unicode>
                </TextEquiv>
            </TextLine>
            <TextLine id="tl_1746606464" custom="readingOrder {index:3;}">
                <Coords points="3068,1101 3069,1143 3078,1150 3113,1156 3121,1166 3183,1176 3359,1177 3497,1162 3607,1168 3844,1166 3976,1173 4125,1199 4339,1198 4342,1192 4342,1129 4330,1120 4248,1105 4054,1089 3949,1087 3852,1091 3695,1078 3624,1078 3552,1085 3399,1083 3324,1090 3225,1092 3144,1083 3087,1082 3073,1087"/>
                <Baseline points="3068,1168 4342,1168"/>
                <TextEquiv>
                    <Unicode>Sechtzehenhundert Ain vnnd Viertzigisten</Unicode>
                </TextEquiv>
            </TextLine>
            <TextLine id="tl_1746606473" custom="readingOrder {index:4;}">
                <Coords points="3064,1217 3065,1244 3079,1253 3142,1259 3238,1262 3327,1261 3394,1266 3466,1266 3531,1259 3776,1252 3992,1266 4122,1266 4197,1255 4200,1248 4200,1224 4194,1217 4107,1195 4056,1189 3998,1176 3948,1172 3669,1172 3615,1178 3578,1178 3523,1172 3440,1171 3211,1184 3122,1182 3106,1184 3087,1192 3084,1197 3070,1203"/>
                <Baseline points="3064,1240 4200,1240"/>
                <TextEquiv>
                    <Unicode>Iahrs Zalte Ich dem Iohann Buechner</Unicode>
                </TextEquiv>
            </TextLine>
            <TextLine id="tl_1746606475" custom="readingOrder {index:5;}">
                <Coords points="4226,1362 4226,1321 4196,1307 4184,1303 4017,1291 3903,1270 3816,1262 3651,1262 3488,1279 3434,1278 3352,1270 3217,1271 3096,1264 3054,1266 3042,1277 3045,1339 3053,1344 3097,1350 3224,1354 3333,1369 3404,1369 3506,1361 3589,1362 3673,1353 3780,1355 3886,1364 4100,1367 4179,1363 4193,1360"/>
                <Baseline points="3042,1340 4198,1340"/>
                <TextEquiv>
                    <Unicode>Discant Zeigern Zu St. Stephann wegen</Unicode>
                </TextEquiv>
            </TextLine>
            <TextLine id="tl_1746606479" custom="readingOrder {index:6;}">
                <Coords points="4225,1443 4224,1376 4204,1366 3683,1357 3455,1369 3376,1380 3324,1380 3216,1365 3114,1363 3068,1374 3064,1378 3061,1398 3062,1417 3071,1427 3235,1440 3444,1439 3534,1449 3625,1449 3740,1437 3834,1436 4065,1454 4215,1453"/>
                <Baseline points="3061,1429 4220,1429"/>
                <TextEquiv>
                    <Unicode>der von Ersten Iulii bis Lesten Decem</Unicode>
                </TextEquiv>
            </TextLine>
            <TextLine id="tl_1746606474" custom="readingOrder {index:7;}">
                <Coords points="3060,1455 3060,1512 3066,1518 3239,1539 3327,1540 3439,1529 3579,1533 3743,1516 3840,1518 3939,1531 4101,1535 4169,1531 4180,1528 4186,1519 4186,1493 4180,1485 4097,1462 3994,1446 3859,1442 3607,1445 3401,1442 3238,1448 3105,1443 3067,1447"/>
                <Baseline points="3060,1514 4186,1514"/>
                <TextEquiv>
                    <Unicode>ber 640. Verrichten vnnderschidlichen</Unicode>
                </TextEquiv>
            </TextLine>
            <TextLine id="tl_1746606477" custom="readingOrder {index:8;}">
                <Coords points="4226,1618 4226,1558 4222,1549 4214,1544 4170,1537 4039,1537 3880,1522 3716,1521 3482,1540 3334,1546 3238,1545 3111,1535 3067,1542 3058,1547 3052,1563 3055,1598 3067,1605 3235,1622 3329,1621 3405,1608 3446,1606 3642,1620 3703,1618 3742,1611 3789,1611 3882,1622 4206,1626 4221,1624"/>
                <Baseline points="3052,1599 4226,1599"/>
                <TextEquiv>
                    <Unicode>fürnemben Khirchen Diensten Be</Unicode>
                </TextEquiv>
            </TextLine>
            <TextLine id="tl_1746606471" custom="readingOrder {index:9;}">
                <Coords points="3032,1629 3033,1690 3046,1697 3332,1700 3463,1693 3604,1693 4011,1712 4213,1712 4257,1707 4261,1703 4260,1653 4239,1645 4170,1637 3806,1614 3597,1619 3457,1612 3342,1616 3075,1613 3041,1617"/>
                <Baseline points="3032,1687 4261,1687"/>
                <TextEquiv>
                    <Unicode>nentlichen Vier vnnd Dreisßig gulden</Unicode>
                </TextEquiv>
            </TextLine>
            <TextLine id="tl_1746606469" custom="readingOrder {index:10;}">
                <Coords points="3054,1735 3060,1794 3074,1804 3112,1813 3624,1840 3758,1858 4688,1861 4758,1856 4772,1850 4814,1845 4814,1786 4769,1760 4578,1735 4386,1718 3541,1703 3142,1704 3063,1712 3056,1719"/>
                <Baseline points="3054,1820 4779,1820"/>
                <TextEquiv>
                    <Unicode>rh. vermüg Quittung so hiebey Idest 34 f - s -</Unicode>
                </TextEquiv>
            </TextLine>
            <TextLine id="tl_1746606468" custom="readingOrder {index:11;} unclear {offset:29; length:2;}">
                <Coords points="3031,2046 3031,2102 3036,2154 3045,2173 3071,2180 3282,2181 3427,2175 3538,2175 3670,2167 3835,2175 4022,2177 4177,2169 4193,2161 4193,2078 4189,2072 4173,2067 4132,2065 4047,2071 4003,2069 3939,2057 3900,2054 3793,2056 3634,2045 3442,2045 3323,2036 3213,2040 3098,2031 3049,2032 3036,2036"/>
                <Baseline points="3031,2142 4193,2142"/>
                <TextEquiv>
                    <Unicode>Eodem die Zalte Ich Herrn Magno Cle</Unicode>
                </TextEquiv>
            </TextLine>
            <TextLine id="tl_1746606480" custom="readingOrder {index:12;}">
                <Coords points="3069,2216 3069,2252 3073,2259 3130,2264 3370,2266 3537,2256 3675,2265 3782,2255 3891,2264 3984,2266 4195,2260 4202,2253 4201,2203 4195,2198 4147,2190 4000,2193 3721,2174 3605,2175 3497,2185 3338,2186 3211,2199 3084,2207 3073,2210"/>
                <Baseline points="3069,2243 4202,2243"/>
                <TextEquiv>
                    <Unicode>menten Appodeckhern wegen dar</Unicode>
                </TextEquiv>
            </TextLine>
            <TextLine id="tl_1746606481" custom="readingOrder {index:13;}">
                <Coords points="4186,2281 4182,2276 4128,2270 4025,2268 3918,2271 3782,2262 3654,2269 3484,2264 3287,2271 3215,2278 3131,2280 3085,2286 3074,2294 3074,2338 3081,2344 3289,2353 3402,2350 3574,2352 3677,2345 3812,2347 3898,2344 4040,2354 4158,2354 4176,2352 4186,2346"/>
                <Baseline points="3074,2331 4186,2331"/>
                <TextEquiv>
                    <Unicode>für die Canthorey Khnaben bey St.</Unicode>
                </TextEquiv>
            </TextLine>
            <TextLine id="tl_1746606470" custom="readingOrder {index:14;}">
                <Coords points="4181,2380 4161,2377 4119,2369 3921,2350 3666,2351 3544,2363 3435,2363 3332,2369 3122,2355 3071,2355 3055,2363 3056,2428 3067,2433 3149,2444 3284,2442 3374,2447 3483,2444 3576,2452 3862,2451 3945,2443 4052,2446 4161,2436 4181,2423"/>
                <Baseline points="3055,2425 4166,2425"/>
                <TextEquiv>
                    <Unicode>Stephann vnderschidlich auß desßen</Unicode>
                </TextEquiv>
            </TextLine>
            <TextLine id="tl_1746606472" custom="readingOrder {index:15;}">
                <Coords points="3040,2500 3044,2517 3068,2523 3265,2528 3344,2539 3500,2539 3613,2527 3852,2533 3949,2527 4154,2525 4173,2518 4172,2466 4164,2462 4010,2447 3911,2447 3818,2454 3655,2452 3530,2456 3428,2454 3315,2446 3096,2445 3055,2452 3045,2466 3049,2471 3043,2482"/>
                <Baseline points="3040,2514 4173,2514"/>
                <TextEquiv>
                    <Unicode>Apodeckhen fergegebenen Medicin</Unicode>
                </TextEquiv>
            </TextLine>
            <TextLine id="tl_1746606478" custom="readingOrder {index:16;}">
                <Coords points="3034,2542 3034,2601 3040,2607 3068,2611 3626,2623 3838,2616 3930,2620 4011,2633 4138,2629 4357,2631 4375,2626 4382,2612 4379,2579 4370,2567 4348,2560 4330,2547 4267,2533 3589,2531 3432,2536 3056,2529 3040,2532"/>
                <Baseline points="3034,2607 4382,2607"/>
                <TextEquiv>
                    <Unicode>Benentlichen Zwölff gulden rh. 3 s 26 d.</Unicode>
                </TextEquiv>
            </TextLine>
            <TextLine id="tl_1746606465" custom="readingOrder {index:17;}">
                <Coords points="3042,2647 3043,2695 3051,2705 3124,2721 3319,2740 4606,2757 4735,2749 4802,2731 4806,2720 4806,2655 4795,2644 4532,2623 3126,2622 3060,2628 3046,2635"/>
                <Baseline points="3042,2721 4806,2721"/>
                <TextEquiv>
                    <Unicode>vermüg Außtzug so hiebey Idest 12 f 3 s 6 d</Unicode>
                </TextEquiv>
            </TextLine>
            <TextLine id="tl_1746606462" custom="readingOrder {index:18;}">
                <Coords points="2989,2892 2986,3031 2988,3039 3003,3048 3062,3048 3164,3040 3529,3049 4140,3049 4195,3041 4207,3033 4211,3021 4211,2962 4208,2953 4193,2948 4050,2934 3756,2916 3618,2898 3322,2886 3259,2869 3240,2855 3212,2843 3192,2825 3144,2815 3070,2815 3033,2823 3001,2864"/>
                <Baseline points="2986,2989 4211,2989"/>
                <TextEquiv>
                    <Unicode>So beZalte Ich auch herrn Hannßen</Unicode>
                </TextEquiv>
            </TextLine>
            <TextLine id="tl_1746606463" custom="readingOrder {index:19;}">
                <Coords points="3349,3190 3342,3257 3345,3330 3367,3363 3381,3395 3426,3412 3563,3419 4315,3420 4378,3416 4384,3407 4385,3322 4380,3246 4371,3228 4337,3215 4270,3214 4186,3220 4107,3212 4074,3200 4012,3187 3781,3166 3600,3167 3508,3160 3390,3162 3368,3170"/>
                <Baseline points="3342,3355 4385,3355"/>
                <TextEquiv>
                    <Unicode>Lattus 46 f. 3. s 26 d.</Unicode>
                </TextEquiv>
            </TextLine>
            <TextEquiv>
                <Unicode></Unicode>
            </TextEquiv>
        </TextRegion>
    </Page>
</PcGts>
