5403 3687
655 142 2083 610 Ausgebenn auf die Weichnacht
763 586 1727 673 Clainat So mon von der Stat das Iar vorert hat
3306 120 4716 555 Ausgeben Zynns vnd diennst
3367 522 3989 611 Den maisternn vnnd herrenn
3284 602 4674 719 nota Den bekeutenn Fraun Zu Sannd Ieronimus on den hunndert phunnd
3367 713 4655 787 pheningnn in Iargult die der Kanhofer auf der Stat gekauft vnnd
3371 759 5132 840 in geschaft hat Vt quittunng ꞩ C iiii γ d
3277 850 4680 960 nota Dem Prouisor der gestiftenn Studenntenn Zu der Rotenn Rosenn in
3376 948 4667 1016 des Wagennndrussl haws Bey den predigernn der Iargult So
3382 1000 4720 1073 man in von gemainer Stat wegnn Zu den Vier Quotembernn
3378 1042 5156 1156 im Iar Zugebenn schuldig ist Zu yeder xvii γ iiii s vt quittung ꞩ Liiii γ d
3270 1147 4737 1258 nota Herrnn Hannsenn Leitgebenn Caplan der messe So Arnolt von
3364 1249 4733 1323 Ach der hawbmer Zestistenn geschaft hat Sein Iargult So desselbnn
3384 1312 4739 1404 haubener gescheftlewt auf der Stat gekauft habenn Zu yeder Quo
3412 1374 5190 1468 tember v γ vt quittung ꞩ xx γ d
3279 1471 4741 1608 nota Herrnn Iorgenn Furperger Caplan der meß So Ott Metzner seliger
3381 1596 4756 1680 gestift vnnd nach laut ainer verschreibunng auf der Stat gekauft
3371 1656 5198 1759 hat sein Iargult Zu yeder Quotember iii γ vi s vt quittung ꞩ xv γ d
3283 1757 4800 1863 nota Dem Kirchmaister Zu sannd Michel der Iargult So hanns prukhner
3381 1852 4822 1929 auf der Stat gekauft vnnd Zu ansuchtunng ainer Meß die man
3409 1908 5197 2016 daselbs Sprechnn sol geschaft hat Lxxviii γ d
3286 2020 4821 2135 nota Den drein Maisternn in der Burger Collegi auf Sannd Steffanns
3361 2084 5202 2206 Freithof trenn Sold vt quittung ꞩ xlviii γ d
3270 2206 4708 2314 nota den Levitenn Zu sannd Steffann von der Furbringerin meß
3366 2302 5219 2408 viii γ Vnnd von vnnser liebenn Frawnn Ambt ii γ quittung ꞩ x γ d
3290 2397 4694 2511 nota Herrnn Iorgenn oder Caplann der Meß So Ab solann Vnn
3389 2505 4707 2580 tzinger Zu der Hymlporttenn hie gestift vnnd Zuhanndenn
3385 2557 5232 2681 derselbnn Meß auf der Stat gekauft hat vt quittunng ꞩ viii γ d
3668 2933 4460 3107 Suma Latus iii C xxxvii γ d
