5405 3680
656 325 2026 478 nota Herrnn Wenndalin Caplan der messe So Michl Stadl der carm
689 475 2008 548 Zu sannd Steffann hie gestift sein Iargult So er nach laut ainer
703 535 2038 625 verschreibunng auf der Stat kauft hat Zu yeder Quotember vii γ
726 589 2429 677 vt quittunng ꞩ xxviii γ d
651 702 2032 815 nota Maister Steffann Griessennpekhenn Caplan der messe So n der
696 787 2031 866 Straiffing Zu sannd Steffann hie gestift hat der Iargult die Sein
705 847 2037 929 gescheftleut auf der Stat gekauft habenn xlii guld vnngrisch den
716 839 2444 1006 guldem per x s x vt quittunng ꞩ Liiii γ Lx d
653 1037 1999 1163 nota Herrnn Hainreichnn Visching Caplan der messe So her
681 1151 2021 1226 Wolfganng Bayr weilennd pharrer Zu hainburg auf Sannd
723 1209 2043 1286 Kathrein altar daselbs gestift der Iargult So er Zuhanndn der Zn
722 1280 2052 1354 meß auf der Stat gekauft hat ausgericht vnnd betzalt iii quo
737 1345 2128 1421 tember Vnnd herrnn Michelnn Leitgebenn auch Caplan
728 1414 2067 1503 der obgemeltenn Meß ain Quotember Zuyeder iiii γ
741 1470 2450 1561 vt quittunng ꞩ xvi γ d
658 1579 2117 1704 nota Maister Hainreichnn Weger Caplann der messe So Symon
725 1685 2104 1761 Abl von Sibennburgnn Zu Sannd Ieronimus auf gotzleichnam
725 1751 2124 1834 Altar gestift on den xxxii gld vnngrisch Iar gult So er Zuhannden
721 1784 2523 1925 derselben Meß auf gemainer Stat kauft hat vt quittung ꞩ xlii γ Lxxx d
675 1927 2117 2061 nota Dem Hofmaister in Heilig Krewtzer Hof von wegnn der Stuer
767 2019 2506 2133 bag vt quittung i γ d
666 2137 2104 2249 nota Herrnn Lienharttnn Wulffing Caplann der messe St. Iacob
748 2237 2099 2312 Suess vnnd Liennhart sein Son Zu Sannd Steffann hie gestift
758 2307 2066 2380 sein Iargult xxxvi gld vnngrisch iiii s vnnd iiii d So Sy Zu
761 2371 2084 2473 hanndnn derselbenn Meß auf gemainer Stat gekauft habenn
762 2425 2551 2542 vt quittung ꞩ xliiii γ Lvi d
668 2537 2058 2673 nota Frawnn Barbarnn herrn Iobsten Hawser selignn witiben
742 2663 2067 2746 vnnd herrnn Wernharts druchseß seligenn tochter an   Iar
755 2732 2079 2814 gult die derselb ir Vater auf der Stat hier gekauft hat drey quo
755 2803 2152 2886 tember ain Zu Michaelis vnd die annder Lucie des Lxxx ste
725 2876 2180 2969 Iars nagstuerganngen vnnd die dritt in der vasst des gegnburtigen
735 2906 2603 3056 Iars Zu yeder xx fl vngrisch per x s x vt quittunng ꞩ Lxxviii γ iiii s d
992 3098 1917 3262 Latus ii C Lxiii γ Lxxvi d
3234 364 4653 487 nota Maister Paulnn tag von Hertzogpierpawm Caplann der messe
3359 464 4679 541 So Vlrich Schrot Zu Sannd Steffann gestift hat sein Iargult So
3369 521 4770 600 derselb Schrott Inhanndnn derselbenn messe auf der Stat gekauft
3353 576 5090 685 Zu yeder Quotember vi gld vngrisch den gulden per x s x ꞩ xxxi γ d
3248 696 4672 805 nota Herrnn Veitenn von Eberstorf von wegenn der leibgeding
3356 791 4654 867 gult Soher Steffann von hochennberg auf der Stat gekauft
3330 852 4726 937 vnnd im Vbergebnn hat sein Iargult C xxxvii fl vnngrisch
3362 871 5251 1014 den gld per x s x vt quittunng ꞩ C Lxxvi γ vii s xx d
3237 1046 4650 1178 nota Herrnn Merttenn Rechwein caplann der Meß Soher
3362 1165 4669 1249 Michl Harrass in dem Frawnncloster Zu sannd Ieronimus
3356 1236 4765 1315 auf vnnser lieben Frawn altar dass gestift hat sein Iargult
3358 1303 4673 1398 So er Zu hanndnn derselbenn Meß auf der Stat kauft hat
3350 1367 5220 1483 xxviii gld vnngrisch den gulden v x s x vt quittung ꞩ xxxvi γ xLd
3296 1509 4742 1634 nota Dem Canntor Zu Sannd Steffann von vnnser liebnn Fraun
3374 1626 4734 1706 Ambt Zesingennder Iargult So vld Metzleinstorffer auf
3391 1683 5219 1798 der Stat gekauft hat Zu yeder Quotember xii s ꞩ vi γ d
3566 2004 4280 2248 Latus ii C L γ xxx d
3536 2469 4642 2692 Suma ausgebenn Zins vnnd diennst den maisternn vnnd
3541 2675 4564 2797 Hernn etc ꞩ viii C L γ iii s xvi d
