5401 3669
510 1491 1999 1920 Ausgebenn auf Furleuthen den
806 1881 1113 1965 Werchleutenn
689 1983 2439 2107 nota Mr Iacobenn Stainmetz auf Arbaitt ii γ d
706 2094 2100 2183 nota Walchesarnn Spare  a  st dem puchssenmaister gelichnn Vnd
790 2146 2469 2258 in der Stewr auf nuch geschubnn i γ d
994 2482 1527 2706 Latus iii γ d
3350 440 4586 646 Ein annder Ausgebenn auf
3408 628 4515 720 der Stat puchssenmaister vnndpuchssennschutzenn
3329 766 5117 900 nota Mr Hannsennn puchssenmaister wochennlich v s ꞩ xxxii γ iiii s d
3448 867 3760 919 das ganntz Iar
3349 914 4545 1022 nota Mr peternn Smid puchssenmaister wochnlich iiii s
3446 939 5115 1065 ꞩ daz ganntz Iar xxvi γ d
3383 1077 4570 1200 nota Mr Wolfganngenn puchssenmaister sein Iar sold wochn
3446 1161 5133 1239 lich i γ ꞩ Lii γ d
3371 1240 4628 1370 nota Mr Niclasenn Mullner puchssenn sein Iarsold wochn
3464 1300 5129 1397 lichnn i γ ꞩ Lii γ d
3357 1400 4567 1509 nota Anndreenn von wirtzpurg puchssn    xxvii
3420 1449 5145 1568 wochnnsold per v s ꞩ xvi γ vii s d
3642 2128 4458 2368 Suma Latus C Lxxviiii γ iiii s d
