4796 4018
614 718 2055 884 Ferdinand Franz Kreitter Buchhalterey
625 880 2006 998 Verwahnten sein anheünt Verfallene
629 996 1968 1122 Quartals bsoldung mit Siben und
628 1109 2047 1249 Achtzig gulden 4 s laut Quittung
638 1189 2265 1362 hiebey Idest 87 f 4
636 1458 2050 1607 in simili Zalte Ich auch dem Martin Lein
646 1591 2032 1725 bather Buechhalterey Verwahnten sein
648 1709 2048 1839 anheünt Verfallene Quartals bsoldung
658 1828 2126 1963 mit fünf und Sibenzig gulden rh.
649 1837 2289 2106 gegen Quittung hiebey Idest 75 f -
627 2172 2063 2335 Gleicherwiß dem Geörg Hainrich Bart
614 2326 2081 2461 scherer sein anheünt Verfallene Quar
630 2450 2080 2583 tals bsoldung mit fünf und Siben
639 2560 2001 2749 Zig gulden rh. ut Quittung hiebey
1849 2568 2292 2838 Idest 75 f -
645 2800 2076 3018 Dan Zalte Ich herrn Sigmund Gußman
682 3004 2046 3158 deß aussern Raths vnd Grundtbuchs
974 3175 2086 3472 Latus 237 f 4 s -
2698 620 4093 766 handlern sein anheünt Verfallene halb
2710 756 4086 871 Iährige bsoldung mit Ainhundert
2718 865 4102 1003 gulden Vermög Quittung hiebey
2732 1000 4545 1115 Idest 100 f - "
2710 1143 4165 1287 Nicht weniger Zalte Ich auch herrn Iohann
2712 1278 4123 1408 Nicola Schueman Grundtbuchs handlern
2723 1400 4128 1526 sein den 14 diß Verfallene Quartals
2718 1515 4127 1643 bsoldung mit Funfzig gulden rh.
2696 1639 4551 1790 Inhalt Quittung hiebey Idest 50 f -
2690 1824 4142 1990 Gleichfahls Zalte Ich auch dem herrn Iacoben
2722 1984 4040 2111 Wohlschlager deß aussern Raths vnd
2714 2106 4142 2227 Grundschreibern sein anheünt Verfallene
2734 2217 4146 2352 Quartals bsoldung mit funfzig gul
2729 2342 4599 2512 den rh. Crafft Quittung hiebey Idest 50 f - "
2710 2557 4135 2716 Deßgleichen Zalte Ich dem Simon Erhardt
2724 2706 4068 2826 Canzley Verwahnten sein anheünt
2737 2817 4079 2959 Verfallene Quartals bsoldung mit
3010 2975 3853 3358 Ist 200 f
