4841 3971
2772 317 4205 705 Außgab auf
3077 675 3847 821 daß Zeughauß
2772 894 4143 1051 Den 29 Ianuarii Anno 1683. Zalte Ich dem
2778 1040 4159 1154 daniel Kollman Gmr. Statt Wienn Zeüg
2794 1153 4141 1266 warth wegen Zweymahliger Verrichter
2780 1254 4143 1371 Raiß ausserhalb die Neüstatt Zu besichti
2773 1359 4140 1495 gung deß Erkhaufften Puhlers den dest
2786 1477 4157 1598 wegen außgelegten Raiß Vnkhosten welcher
2791 1588 4124 1704 sich vermög Quittung vnd Raths Passie
2791 1700 4260 1839 rung hiebey auf Zwaintzig gulden rh.
2819 1818 4606 1951 beloffen Idest 20 f - "
2741 1964 4036 2125 Ingleichen Zalte Ich auch herrn Michael
2761 2117 4096 2236 Märkhl Kay. Salzuersilberern in der
2767 2213 4093 2345 Neüstatt wegen 126 Leuten Pulher so
2784 2344 4127 2448 Von ermelter Neustatt nacher Wienn
2796 2443 4146 2569 in Gem. Statt Zeüghauß geführt worden
2795 2567 4116 2681 daß gedingte Fuhrlohn alß vor ieden
2789 2676 4124 2789 Leuten 2 s Inhalt Quittung aber hibey
2760 2782 4137 2908 Zusamen benent. Ainund dreißig
2788 2905 4683 3047 gulden 4 s. Idest 31 f 4 s
3041 3031 4067 3349 Latus 51 f 4 s -
