4897 3999
614 558 2076 869 Dan Zalte Ich Ihme sein anheünt auf ain
638 855 2067 961 Quartal Verfallene Recompens mit fünf
641 963 2063 1096 und Zwaintzig gulden rh. auf obige
659 986 2367 1208 Quittung Idest 25 f - "
637 1307 2072 1459 Den 8 Septemb. Zalte Ich dem Hannß Geörg
675 1454 2030 1572 Glaßekher die Ihme Von Einem Löbl.
706 1562 2162 1685 Statt Rath etc angeschaffte drey gulden rh.
600 1675 2122 1799 laut Quittung Anbringen vnd berath
676 1717 2364 1943 schlagten bericht hiebey Idest 3 f - "
647 1995 2053 2180 Den Lezten dito Zalte Ich dem Daniel
677 2180 2044 2291 Kollman Gm. Statt Zeügwarth sein
680 2286 2092 2399 den 21 diß Verfallene Quartals bsol
682 2394 2064 2511 dung mit funfund Zwaintzig
687 2433 2350 2637 gulden rh. laut Quittung hiebey Idest 25 f
647 2694 2070 2848 Dan auch auf obige Quittung sein an
665 2845 2077 2974 heünt Verfallene Viertl Iährige Recom
664 2964 1994 3101 pens mit fünfund Zwaintzig
1016 3139 1954 3445 Latus 53 f - "
2829 604 4685 826 gulden rh. Idest 25 f - "
2780 911 4167 1064 Den 9 Decemb. Zalte Ich dem Matthia
2815 1058 4228 1179 Pantzer burgerlichen Sibmachern alhir
2815 1177 4252 1292 wegen in wehrenter belägerung auf
2810 1296 4237 1424 befehl deß Verstorbenen herrn burger
2819 1422 4227 1553 maisters für Vnderschiedliche Compag.
2817 1551 4202 1674 der ledigen handtwerchs bursch herge
2793 1671 4191 1793 gebenen Vier trumeln die mit Ihme
2812 1795 4098 1923 sturgen accordirte Vierzehen
2816 1926 4222 2041 gulden rh. Vermög Anbringen be
2814 2040 4180 2168 rathschlagten Ober Camer Ambts be
2809 2170 4183 2311 richt vnd darauf gestelten Quittung
2788 2308 4581 2447 hiebey Idest 14 f
2798 2474 4187 2658 Den 11 dito Zalte Ich dem Georg Mayr
2797 2655 4169 2768 ordinari tagwerchern in Gmr. Statt
2764 2763 4106 2892 Zeüghauß sein anheünt auf 52
2803 2881 4180 3011 Wochen Verfallene bsoldung mit
3067 3037 3926 3250 Latus 39. f - "
