4867 3981
579 695 2063 855 Zwayundfunfzig gulden rh.
639 830 2325 991 Crafft Quittung hiebey Idest 52 f -
616 1020 2139 1184 Den 18 dito Zalte Ich dem Bernhardt dalich
632 1169 1968 1310 Burgerlichen Waxkörzlern alhier
631 1304 2025 1424 wegen in wehrenter belägerung in
625 1422 2024 1559 Gmr. Statt Wienn Zeüghauß gelifferten
641 1546 2051 1682 20 tt geldes Wax seinen Außtzug mit
643 1675 2067 1812 herrn Zeügwarths überschribenen Attes
636 1804 2024 1936 tation wie auch Anbringen vnd er
630 1930 1977 2067 statten Ober Camer Ambts bericht
628 1961 2317 2226 hiebey mit Zwelff gulden Idest 12 f -
625 2265 2002 2436 Den 24 dito Zalte Ich dem Iohann Gott
626 2418 2063 2556 hardt Nagl burgerlichen Prandtweinern
633 2546 2033 2670 alhier wegen in Gmr. Statt Wienn
618 2660 2067 2812 Zeüghauß gelifferten drey Emer Prandt
654 2796 2024 2937 wein den Emer per 20 f Inhalt deß
631 2921 2006 3078 Zeügwarths eingeraichten bericht
962 3127 1871 3434 Latus 64 f - "
2788 646 4092 774 darauf erfolgten Raths passierung
2788 772 4157 898 vnd überschribenen Quittung hiebey
2784 906 4543 1069 mit Sechzig gulden rh. Idest 60 f -
2779 1094 4113 1257 Den Lezten dito Zalte Ich dem Daniel
2774 1260 4121 1373 Kolman Gmr. Statt Zeügwarth sein
2777 1362 4208 1489 den 21 diß Verfallene Quartals bsol
2773 1487 4126 1610 dung auf sein Quittung hiebey mit
2748 1611 4228 1759 Fünfund Zwainzig gulden rh.
2801 1769 4620 1884 Idest 25 f - "
2731 1927 4208 2096 Ingleichen Zalte Ich Ihme sein anheünt
2766 2086 4133 2204 auf drey Monnat Verfallene Recom
2771 2201 4131 2325 pens auf oben Zuegelegte Quittung
2783 2321 4176 2457 mit Fünfund Zwaintzig gul
2789 2467 4647 2617 den rh. Idest 25 f - "
2976 2728 4053 2916 Latus 110 f - "
2779 2994 4448 3099 In der Raittung über die Gem. Statt haimbge
2778 3088 4453 3158 stallen Lorenz Rainpacherische Verlassenschafft
2778 3149 4543 3240 Von Iot. 2. biß 7. finden sich serere außgaben auf
2805 3221 3348 3317 das Zeughauß
