4800 4002
2599 334 4109 725 Außgab auf
2755 708 4094 832 die Burgerschuel bey St. Ste
3267 815 3559 918 phan
2694 984 4092 1127 Den 20 Martii Anno 1683. Zalte Ich herrn
2710 1123 4121 1238 Michael Hueffnagl Rectori auf der Burger
2692 1226 4078 1346 schuel bey St. Stephan die Ihme den 15.ten
2685 1334 4024 1450 diß Verfallene Quartals bsoldung mit
2690 1448 4079 1575 Funf und Sibenzig gulden rh. auf
2700 1571 4498 1743 sein Quittung hiebey Idest 75 f
2679 1736 4066 1922 Den 19 Iunii Zalte Ich obgedachten herrn
2688 1908 4105 2018 Hueffnagl sein den 15 diß Verfallene Quar
2689 2010 4091 2131 tals bsoldung mit fünfund Sibenzig
2701 2129 4543 2303 gulden rh. auf sein Quittung hiebey Idest 75 f.
2701 2388 4052 2543 Den 20 Nouemb. Zalte Ich widerumb
2702 2538 4117 2658 besagten herrn Hueffnagl sein den 15.ten
2689 2650 4072 2772 Septemb. Verfallene Quartals bsoldung
2712 2768 4154 2901 mit fünfund Sibenzig gulden rh.
2706 2881 4531 3063 laut Quittung hiebey Idest 75 f
3088 3027 3916 3319 Latus 225 f
