4824 3965
613 680 2001 798 Den 21 Martii Zalte Ich dem Daniel Kollman
603 796 1926 910 Gmr. Statt Wienn Zeügwarth die Ihme
618 907 1997 1026 wegen deß Iährlich gebührenten Mutt Korn
608 1017 1964 1143 anheünt den traidt kauff nach verfallene
595 1129 1987 1279 Achtzehen gulden rh. auf sein Quittung
608 1242 2294 1376 hiebey Idest 18 f - "
615 1435 1974 1590 Den Lezten dito Zalte Ich Ihme Zeügwarth
623 1576 2003 1696 sein den 21 dits Verfallene Quartals bsol
627 1689 2010 1822 dung auf sein Quittung hiebey mit Fünf
621 1778 2313 1959 und Zwaintzig gulden rh. Idest 25 f - "
581 2001 2006 2165 Ingleichen Zalte Ich Ihme Zeugwarth auf oben
620 2147 1950 2258 Zuegelegte Quittung die Ihme anheünt
635 2251 1988 2361 auf ain Quartal Verfallene Funfund
641 2306 2317 2485 Zwaintzig gulden Recompens Idest 25 f - "
618 2529 1982 2696 Den 23 April Zalte Ich dem Maister Fer
639 2689 1993 2808 dinand Riglbauer burger vnd Pindern
644 2800 1971 2917 alhier wegen der in Gmr. Statt Zeüg
630 2905 2005 3047 hauß daß abgewichen 1681 vnd 682.te
816 3115 1821 3506 Latus 68 f.
2692 632 4092 762 Iahr Verrichten Pinder Arbeit sein ge
2707 743 4106 863 ferttigten Außzug hiebey über abbruch
2709 850 4155 974 2 f 52 kr mit fünfund zwaintzig
2705 950 4543 1092 gulden rh. Idest 25 f -
2709 1183 4044 1348 Den 21 Iunii Zalte Ich dem Matthia Eder
2743 1328 4099 1443 Pichsenmachern Zu Pekhstall wegen auß
2741 1435 4085 1554 denen alten halb häkhen Verferttigt vnd
2731 1546 4094 1662 in Gmr. Statt Zeüghauß gelifferten 25.
2735 1653 4123 1775 Mußgueten läuff sambt deren Zugehörung
2741 1771 4083 1884 für ieden 1 f 3 s 6 d. Zusamen aber be
2732 1881 4086 2007 nentlichen Fünfund dreißig gul
2736 1995 4124 2115 den rh. vermög Quittung vnd herrn Zeug
2739 2117 4594 2267 warth Lifferschein hiebey Idest 35 f - "
2719 2314 4121 2460 Den Lezten dito Zalte Ich herrn Daniel Kol
2737 2454 4033 2566 man Gmr. Statt Zeügwarth sein den
2727 2556 4067 2686 21 diß Verfallene Quartals bsoldung
2739 2673 4073 2791 mit Fünfund Zwaintzig gul
2727 2785 4607 2964 den rh. Inhalt Quittung hiebey Idest 25 f - "
2981 2984 3793 3191 Latus 85 f.
