5113 3769
702 368 1918 545 khernner thuern fur ain par Stiffl In
715 523 2002 637 dem Graben verpraucht 1 γ d vmb
708 642 1905 748 ainen Slifstain 4 s d ainem poten
692 721 1966 850 per Melkh 40   von funfftzig holtz
715 837 1986 959 hakhen Zueleiffen 3 s d vmb puechen
693 928 1977 1041 holtz vnder sand Steffans thuern Iorgen
654 1036 2480 1179 Thuern den damit Zefellen 6 γ 7 s d ꞩ 20 γ 4 s 10 d
526 1376 1890 1567 Mer ausgeben dem Cristan reitler
695 1554 1926 1662 fur das er auf Zuerichtung der rais
691 1648 1858 1761 In den lanndtag gen Speir laut
699 1749 1896 1855 seiner Raittung mit no 45 ausgeben
688 1848 2454 1982 hat widerumben betzalt ꞩ 31 γ - 4 d
582 2187 1857 2346 Mer ausgeben von Iorg vogten Erben
686 2345 2513 2488 haus den wenhleuten Zuschatzen ꞩ - 4 s 8 d
837 2622 1969 2902 Latus 52 γ - s 22 d
3206 1133 4472 1352 Sumarum der Zeaintzigl Ausgab
3253 1350 4288 1465 ditz 1532.te Iar
3219 1425 4497 1656 Ø v C lxxv γ iii s vi d
