5120 3762
2997 260 4064 556 Remanenntz
2932 650 4335 809 Auf den lessten tag decembris ditz 1532te
3041 778 4306 909 Iar Setz Ich fur ausgeben die Rema
3116 871 4348 968 nenntz oder schulden so In meiner ver
3079 958 4362 1064 waltung des oberstat Chamerambts
3071 1041 4368 1161 auf gemelten tag beslus diser Raittung
3058 1147 4367 1253 Gemainer Statt noch schuldig sein vnd
3089 1243 4328 1361 hienach mit namen vnd Suma be
3097 1349 3664 1470 schriben werden
2989 1556 4309 1709 Allexannder pramawer Ist schuldig
3070 1699 4649 1833 am haus so Ime verkhaufft ꞩ 50 γ -
3048 1970 4313 2118 Iorg Newpaur an hanns Stantzk
3086 2103 4892 2241 haus Ut schuldbrieff ꞩ 16 γ - " - d
2998 2361 4888 2545 Cristoff krabat par gelichen gelt ꞩ 100 s - " - d
3175 2658 4020 2898 Latus 166 γ d
