5121 3785
1114 170 1397 265 1532
550 292 1857 444 Niclaus vischl Ist schuldig an seinem
654 430 2353 564 schuldbrieff fur tugentlichs hauß ꞩ 250 γ d
600 644 2342 784 Wolfganng Mair laut seins schuldb - 81 γ d
699 763 1929 876 dagegen von Ime emphanngen 14 M
695 848 1631 976 Schintl vnd 600 schiferschintl
573 1050 2358 1202 Mert kekh laut seiner hanndschrifft 14 γ d
637 1319 1898 1449 Her lasla von Edlasperg Ist schuldig ver
702 1425 2361 1540 mog seiner verschreibung 400 γ d
579 1627 1945 1791 Die Kho. Mt. vnnser allergenedigst herr vnd Lannds
664 1770 1922 1887 Fuersst Ist laut Ir Mt. obligation vnd
678 1851 1906 1949 des Vitztumbs quitt auf wolfganng
669 1937 2349 2025 heyner lauttundt tut 300 γ d
633 1993 1893 2111 M des aus der Stat Zeughaus Zum Zug hinab
652 2091 1901 2185 In hungern anno 27 dargelichen worden
670 2165 1917 2256 ain halb Slanngen ain halb falkhauet
630 2248 1925 2349 Neun protzen Zwo ladschaufflen Zwen Setz
665 2333 1963 2428 kolben ain steel nagl hundert eysen halb
669 2409 1973 2510 slanngen kugt ain verspert puluer truhel
677 2492 1956 2617 vnd Zehen falkanet kuglen mit plei vber
694 2612 902 2690 gossen
773 2791 1707 3062 Latus 1045 γ d
3040 328 4321 472 Wolffganng Stainperger laut seines
3088 451 4741 552 schuldbr ꞩ 100 γ -
3042 580 4734 741 Hanns hofer schuester laut seines schuldb 10 γ -
3035 807 4390 937 Wolffganng puchlmair von wegen n.
3059 903 4281 1024 Straubingers erben der    auf seinem
3061 961 4865 1106 hauß verschriben ꞩ - 15 γ - d
3006 1150 4360 1316 N Straubinger hauß in der kernerstraß
3050 1285 4394 1398 neben dem hasen haus gelegen sol Zalen
3051 1382 4856 1503 das darauff verschriben Ist ꞩ 30 γ - d
2994 1560 4377 1706 Sebastian Steger Ist an dem den Ime aufs
3051 1672 4440 1791 Gemeur vmbstossen par geben heraus
3080 1762 4847 1880 schuldig ꞩ 5 γ - d
2946 1942 4429 2077 Ain haus am alten Vleischmarckht gegen
3039 2065 4435 2150 sand Laurentzen vber Merten wideman
3040 2142 4373 2237 Zuegehörig darauf 200 gulden haubtgut
3013 2223 4387 2321 verschriben Sall Ierlich auf sand Iorgen
3052 2309 4436 2410 tag dauon purkreht Zinß betzallen 10 γ d
3060 2396 4335 2490 laut aines purgkhrecht brieffs von
3052 2469 4804 2614 ernanntem wideman ausgangen ꞩ 200 γ d
3080 2670 3890 2953 Latus 360 γ
