5122 3750
584 336 1933 511 Am 18 tag Iuli 1532 den Steur diennern
718 497 1940 593 aufs Rats beuelch vmb traid betzalt
722 581 1989 686 9 γ 6 s 23 d fur achtundreissig pastal
732 694 2460 809 dem Saltz fuerer Zalt 15 s 6 d ꞩ 11 γ 5 s 29 d
577 898 1976 1037 am 28 tag Iulii fur 16 pastal Zu der wasser
709 1025 1995 1120 laitt 1 γ 17 d von 10 fert Rott vom vischmaister
714 1110 1887 1204 austzefueren 4 s d Von den prunnen
677 1200 1932 1299 Im frawen haus Zeraumen 4 s d fur 2
706 1285 1984 1386 ember vnd ain Sait 9 s 28 d den tag
709 1380 1912 1468 werchern vnd Zimerleuten 4 γ 48 d vier
670 1465 1950 1562 wachtern auf der pasteien 2 γ d Zwen
712 1550 1963 1651 thorsteern bey dem purkhthor von 3 tagen
718 1641 1974 1744 4 s d Vier Mautten 2 γ d fur schannkh
716 1737 1950 1865 assach Zum schennkhen Ins lege 83
1752 1818 2454 1916 ꞩ 12 γ - s 3 d
591 2002 1882 2139 Am 5 tag augusto fur 2 sloß Zum worder
714 2126 1951 2221 thor 20 s d Mer ain Sesloß per 10 s d den
716 2205 1926 2301 Stainmetzen von Thuernen Zeprechen pes
718 2293 1899 2388 serung 5 γ d den Zimerleuten von pre
706 2377 1939 2471 diger Kirchen auch pesserung 2 γ d Vom
680 2467 1905 2567 Mist hauffen Zeredten 68 d Zwayen
663 2563 1983 2656 Wachtern 40 d vmb prot vom wat
709 2649 1937 2778 eintzutziehen 4 s 28 d den Statt knechten
857 2908 1806 3063 Latus 23 γ 6 s 2 d
3018 311 4282 442 4 s d vmb das Sy bey den Robattern gewesst
3003 438 4345 530 des phaltzgrafen ernnholt geben 21 polz
2998 522 4378 624 fur des kislings Raitbrieff In di Cantzlei
3022 613 4885 721 betzallt 3 γ 5 s 20 d ꞩ 17 γ 3 s 12 d
2911 825 4386 955 am 2 tag September den Spaniern die das gelt
3022 947 4299 1037 so Ich von den kauffleuten enntlehendt
3027 1034 4311 1120 emphanngen 2 γ 48 d von merer Rue
3017 1113 4378 1213 wegen betzallen muessen fur drey Sloß
3021 1203 4271 1320 Zu der schotten vnd slag pruggen pasteyen
3045 1310 4921 1415 28 s d betzalt  ꞩ 5 γ 5 s 18 d -
2901 1561 4336 1726 am 29 tag Septembris dem trogler seinen Sold
3039 1729 4344 1821 dise wochen dar Inn nicht gefallen betzalt
3046 1810 4409 1903 1 γ d Vom weg bey sand Iorgen thuern aus
3023 1897 4350 1987 Zerauren vnd machen lassen dauon aus
3031 1986 4328 2077 geben 10 γ d 22 d ainem puechsen z aister
3034 2066 4402 2162 so auf den kernerthuern geordnet aufs
3005 2160 4358 2258 Rats beuelch Zalt 2 γ d Siben knechten
3035 2253 4378 2348 so den misst bei kerner thor gelescht 2 s d
3003 2343 4397 2456 fur Zwai stukh Zwilich vnd kolzen 5 γ 1 s
2993 2438 4345 2540 von den Sekhen Zemachen 5 s 15 d ainem
3018 2525 4303 2647 prescher poten 4 s d Auff di Misst
3035 2641 4921 2763 prunsst 11 s 10 d ꞩ 21 γ - 17 d
3222 2910 4307 3101 Latus 44 γ 1 s 17 d
