5150 3740
717 317 2020 484 Am lessten tag mertz 1532 fur maister
757 485 1938 568 Hannsen vnger der gefanngen gelegen
744 561 1936 674 per essen vnd drinkhen betzalt 4 γ 4 s
738 645 1897 739 24 d vmb plei Zu den hanndt
747 735 2019 821 mullen 4 s d ainem olm tzen paten
726 818 1941 921 4 s d die linden Zus aitten vnd Zu
736 906 1948 1011 stechen 4 s d fur ain Rinnen Zum
728 998 1940 1090 frawen haueß 2 γ 1 s d Leopolden
712 1079 1977 1189 Rauchenperger fur papier ut austzug
765 1183 2520 1292 13 γ 24 d ꞩ 21 γ 2 s 18 d
585 1579 1967 1733 Am 5 tag abrit dem hern wolff Maull
751 1730 1970 1828 Kho. Mt. hanndtgrafen von des wag
753 1825 1944 1917 haus wegen Ziment gelt vom gbicht
738 1908 1887 2001 ut Raittung betzalt 13 γ 4 s 12 d
716 1996 1917 2084 dem Saliter macher trinkhgelt 2 s d
706 2082 1981 2178 Ainem khneht so das essen den kranken
727 2174 1953 2271 gen sand Niclauß aus dem Spitall
727 2271 1933 2371 getragen geben 2 γ d Von der dreit
719 2359 1966 2462 mulln Zurichten 2 γ d Ainem Chamer
723 2462 1938 2545 poten der do Generall der lon
723 2528 1980 2638 halben ausgefuern 10 s von der ladung
757 2628 1954 2743 dem lembacher geschikt poten lon 6 s vnd
722 2715 2513 2830 den schreibern 2 s d ꞩ 20 γ -  12 d
945 2962 1778 3125 Latus 41 γ 3 s d
2998 305 4346 463 Am 15 tag abril anno etc 1532 Von 328
3053 455 4304 575 Mutl kalch messerlon 10 s 7 d fur
3095 547 4313 640 ain roß dem hern Schalautzer 24 γ d
3073 627 4379 741 des herrn Bischolff Zu Wienn schreiber
3046 722 4286 841 Von wegen der schrifften so Er an die
3050 815 4287 919 Reichstett der hilff halben Zum ge
3100 902 4283 1005 bew geschriben aufs Rats beuelch
3089 999 4325 1088 geben 10 γ d fur 50 peutl 5 s d Von
3102 1084 4297 1188 ainem haus In der Syningerstrasse Zu
3094 1177 4886 1313 schatzen 36 d ꞩ 36 γ - - d
2951 1576 4369 1702 am 28 tag abrill vom weg beim heiling geist
3103 1687 4308 1790 Zemachen 2 γ d dem Gabrieln
3105 1749 4431 1871 aschawer Scatlmacher fur 420 wasser
3110 1860 4327 1961 schaff so man in der turken belegerung
3100 1952 4402 2047 von Ime genomen aufs Betzalt 14 γ d
3094 2039 4351 2134 fur 3 visier Zum Smaltz den platz knechten
3100 2132 4395 2214 13 s d fur ain Zuln In den Statgraben 6 s d
3095 2209 4371 2296 dem pauln vnd Casparn Zwayen knechten so das
3096 2291 4376 2376 vergangen Iar mit den herrn gen Insprugk ge
3107 2370 4429 2468 Zogen bezalt 10 γ 6 s d fur den paw an Io g  en
3101 2444 4380 2533 kramer haus am hof dem benedict Stain
3121 2522 4362 2615 metz 11 γ 4 s d fur des Golzn acta etc hanßen
3117 2609 4333 2708 hausen In der lanndschafft Cantzlei be
3116 2675 4894 2783 Zalt 4 γ d ꞩ 44 γ 5 s - d
3344 2931 4272 3099 Latus 80 γ 5 s 13 d
