<?xml version="1.0" encoding="UTF-8" standalone="yes"?>
<PcGts xmlns="http://schema.primaresearch.org/PAGE/gts/pagecontent/2013-07-15" xmlns:xsi="http://www.w3.org/2001/XMLSchema-instance" xsi:schemaLocation="http://schema.primaresearch.org/PAGE/gts/pagecontent/2013-07-15 http://schema.primaresearch.org/PAGE/gts/pagecontent/2013-07-15/pagecontent.xsd">
    <Metadata>
        <Creator>prov=READ-COOP:name=PyLaia@TranskribusPlatform:version=2.27.0:model_id=344665:lm=provided:date=27_05_2025_14:33</Creator>
        <Created>2025-05-27T13:28:22.460+02:00</Created>
        <LastChange>2025-05-28T13:14:53.878+02:00</LastChange>
        <TranskribusMetadata docId="8714515" pageId="97823872" pageNr="54" tsid="245547792" status="IN_PROGRESS" userId="261754" imgUrl="https://files.transkribus.eu/Get?id=POJOSWLTUJLVBYCOMRDWMNUU&amp;fileType=view" xmlUrl="https://files.transkribus.eu/Get?id=CYGDDGMBCHUSSISADKKIXTYW" imageId="82023085"/>
    </Metadata>
    <Page imageFilename="97823872.tif" imageWidth="5020" imageHeight="4010">
        <ReadingOrder>
            <OrderedGroup id="ro_1748430893878" caption="Regions reading order">
                <RegionRefIndexed index="0" regionRef="region_150204010"/>
                <RegionRefIndexed index="1" regionRef="region_250204010"/>
            </OrderedGroup>
        </ReadingOrder>
        <TextRegion id="region_150204010" custom="readingOrder {index:0;}">
            <Coords points="0,0 2510,0 2510,4010 0,4010"/>
            <TextLine id="tl_1748346646" custom="readingOrder {index:0;}">
                <Coords points="850,251 1435,251 1435,453 850,453"/>
                <Baseline points="850,401 1435,401"/>
                <TextEquiv>
                    <Unicode>Augustii</Unicode>
                </TextEquiv>
            </TextLine>
            <TextLine id="tl_1748346632" custom="readingOrder {index:1;}">
                <Coords points="687,537 689,594 724,602 1274,610 1954,641 2256,638 2457,595 2472,580 2471,512 2464,504 2444,498 2122,503 1806,525 1573,527 1026,497 719,517 698,523"/>
                <Baseline points="687,605 2472,605"/>
                <TextEquiv>
                    <Unicode>Den 4 dits 6 f. 2. s - d</Unicode>
                </TextEquiv>
            </TextLine>
            <TextLine id="tl_1748346631" custom="readingOrder {index:2;}">
                <Coords points="677,734 684,753 763,767 1665,773 2192,785 2258,781 2461,726 2473,710 2470,665 2442,653 2178,674 1833,679 1549,670 1174,647 761,642 691,649 679,658"/>
                <Baseline points="677,747 2473,747"/>
                <TextEquiv>
                    <Unicode>Den 11 5 f. 7 s - d.</Unicode>
                </TextEquiv>
            </TextLine>
            <TextLine id="tl_1748346633" custom="readingOrder {index:3;}">
                <Coords points="681,822 682,893 705,904 1274,919 2250,926 2396,906 2459,889 2475,878 2477,856 2472,812 2446,800 2315,819 2136,831 1969,832 811,800 709,802 689,807"/>
                <Baseline points="681,893 2477,893"/>
                <TextEquiv>
                    <Unicode>Den 18 4 f. 5. s. 6 d.</Unicode>
                </TextEquiv>
            </TextLine>
            <TextLine id="tl_1748346629" custom="readingOrder {index:4;}">
                <Coords points="685,981 686,1051 692,1059 714,1066 1041,1076 1586,1107 2247,1107 2385,1080 2460,1053 2467,1037 2466,970 2437,957 2124,980 1662,990 1372,983 1031,962 714,953 693,960"/>
                <Baseline points="685,1067 2467,1067"/>
                <TextEquiv>
                    <Unicode>Den 25. 6 f. 3 s 2 d.</Unicode>
                </TextEquiv>
            </TextLine>
            <TextLine id="tl_1748346623" custom="readingOrder {index:5;}">
                <Coords points="1032,1141 1029,1175 1036,1283 1052,1310 1060,1316 1079,1323 1109,1328 1168,1324 1400,1330 1651,1330 1665,1328 1671,1323 1691,1283 1695,1255 1695,1171 1691,1159 1683,1151 1612,1148 1593,1152 1464,1153 1438,1149 1396,1149 1348,1145 1328,1141 1277,1137 1255,1131 1216,1126 1084,1121 1073,1119 1057,1119 1039,1126"/>
                <Baseline points="1029,1275 1695,1275"/>
                <TextEquiv>
                    <Unicode>Septembriß</Unicode>
                </TextEquiv>
            </TextLine>
            <TextLine id="tl_1748346630" custom="readingOrder {index:6;}">
                <Coords points="654,1436 655,1494 660,1502 684,1510 749,1517 1141,1524 1618,1547 2278,1547 2436,1523 2453,1515 2459,1491 2457,1419 2429,1408 2194,1410 1874,1428 1640,1431 1317,1414 1247,1406 1140,1382 1004,1377 738,1387 671,1411 659,1420"/>
                <Baseline points="654,1503 2459,1503"/>
                <TextEquiv>
                    <Unicode>Den 1. dits 5 f. 2. s - d.</Unicode>
                </TextEquiv>
            </TextLine>
            <TextLine id="tl_1748346640" custom="readingOrder {index:7;}">
                <Coords points="671,1568 673,1647 719,1656 1143,1662 2122,1700 2261,1694 2395,1672 2466,1653 2475,1635 2473,1580 2449,1568 2189,1589 2010,1595 1660,1588 1156,1561 695,1551 674,1558"/>
                <Baseline points="671,1662 2475,1662"/>
                <TextEquiv>
                    <Unicode>Den 8 4 f. 5. s. 6 d.</Unicode>
                </TextEquiv>
            </TextLine>
            <TextLine id="tl_1748346643" custom="readingOrder {index:8;}">
                <Coords points="670,1707 671,1776 694,1786 1219,1798 1701,1818 2086,1843 2254,1842 2386,1824 2459,1800 2474,1784 2473,1735 2463,1725 2445,1720 2256,1739 1991,1745 1801,1739 1281,1700 1018,1689 709,1686 677,1692"/>
                <Baseline points="670,1803 2474,1803"/>
                <TextEquiv>
                    <Unicode>Den 15 3 f. 7. s 2 d</Unicode>
                </TextEquiv>
            </TextLine>
            <TextLine id="tl_1748346648" custom="readingOrder {index:9;}">
                <Coords points="660,1845 661,1924 694,1935 1023,1944 1585,1976 2030,1990 2371,1989 2428,1975 2472,1942 2473,1862 2418,1871 2208,1878 1644,1866 1144,1837 793,1826 687,1827 664,1833"/>
                <Baseline points="660,1949 2446,1949"/>
                <TextEquiv>
                    <Unicode>Den 22 6 f. 3. s 14 d</Unicode>
                </TextEquiv>
            </TextLine>
            <TextLine id="tl_1748346628" custom="readingOrder {index:10;}">
                <Coords points="678,1999 679,2076 697,2087 1128,2123 1710,2150 2272,2155 2371,2148 2432,2128 2472,2093 2472,2013 2436,2023 2417,2017 2057,2025 1770,2023 785,1982 705,1982 686,1987"/>
                <Baseline points="678,2111 2442,2111"/>
                <TextEquiv>
                    <Unicode>Den 29 3 f. 6. s 12 d</Unicode>
                </TextEquiv>
            </TextLine>
            <TextLine id="tl_1748346649" custom="readingOrder {index:11;}">
                <Coords points="1176,2208 1173,2236 1173,2321 1176,2393 1181,2402 1202,2413 1224,2416 1614,2417 1631,2413 1634,2390 1634,2246 1631,2233 1626,2226 1609,2225 1594,2230 1573,2230 1549,2233 1505,2233 1496,2231 1461,2230 1427,2231 1410,2230 1377,2224 1347,2216 1334,2210 1289,2201 1216,2200 1182,2202"/>
                <Baseline points="1173,2362 1634,2362"/>
                <TextEquiv>
                    <Unicode>Octobriß</Unicode>
                </TextEquiv>
            </TextLine>
            <TextLine id="tl_1748346621" custom="readingOrder {index:12;}">
                <Coords points="616,2512 616,2551 622,2567 697,2577 1094,2578 1529,2591 2270,2592 2344,2588 2431,2570 2437,2559 2437,2481 2428,2472 2411,2469 2064,2474 1822,2486 1463,2488 1232,2475 1113,2454 957,2450 683,2476 623,2491"/>
                <Baseline points="616,2555 2437,2555"/>
                <TextEquiv>
                    <Unicode>Den 6. dits 5 f. 4 s. 10 d</Unicode>
                </TextEquiv>
            </TextLine>
            <TextLine id="tl_1748346644" custom="readingOrder {index:13;}">
                <Coords points="650,2624 652,2681 689,2689 1209,2701 1983,2734 2245,2734 2360,2725 2447,2705 2456,2683 2454,2629 2424,2618 2240,2625 1633,2628 734,2604 666,2608 655,2613"/>
                <Baseline points="650,2700 2456,2700"/>
                <TextEquiv>
                    <Unicode>Den 13 6 f. 2. s 24 d.</Unicode>
                </TextEquiv>
            </TextLine>
            <TextLine id="tl_1748346638" custom="readingOrder {index:14;}">
                <Coords points="657,2751 657,2812 683,2822 1220,2837 1896,2878 2323,2878 2380,2869 2411,2851 2441,2845 2451,2838 2458,2822 2456,2764 2428,2749 2234,2768 1989,2774 1650,2768 1150,2743 883,2736 682,2736 665,2740"/>
                <Baseline points="657,2841 2458,2841"/>
                <TextEquiv>
                    <Unicode>Den 20 4 f. 5. s 16 d</Unicode>
                </TextEquiv>
            </TextLine>
            <TextLine id="tl_1748346626" custom="readingOrder {index:15;}">
                <Coords points="640,2905 642,2969 657,2979 714,2988 1210,2988 1709,3008 1904,3032 2011,3075 2080,3085 2179,3081 2241,3060 2286,3034 2431,3000 2445,2992 2450,2979 2449,2922 2443,2914 2421,2906 2037,2935 1762,2937 1361,2917 988,2873 743,2866 653,2879 645,2885"/>
                <Baseline points="640,3028 2450,3028"/>
                <TextEquiv>
                    <Unicode>Den 27 5 f. 3. s. 2 d.</Unicode>
                </TextEquiv>
            </TextLine>
            <TextLine id="tl_1748346635" custom="readingOrder {index:16;} unclear {offset:2; length:2;}">
                <Coords points="1916,3172 1913,3155 1898,3147 1798,3140 1692,3117 1645,3112 1520,3109 1070,3118 963,3128 875,3149 796,3182 765,3210 760,3230 769,3247 807,3266 938,3283 1099,3298 1670,3300 1859,3296 1894,3290 1912,3276"/>
                <Baseline points="760,3250 1916,3250"/>
                <TextEquiv>
                    <Unicode>Latg 69. f. 1. s. 4. d.</Unicode>
                </TextEquiv>
            </TextLine>
            <TextEquiv>
                <Unicode></Unicode>
            </TextEquiv>
        </TextRegion>
        <TextRegion id="region_250204010" custom="readingOrder {index:1;}">
            <Coords points="2510,0 5020,0 5020,4010 2510,4010"/>
            <TextLine id="tl_1748346639" custom="readingOrder {index:0;}">
                <Coords points="3082,480 3097,506 3090,513 3116,527 3218,531 3378,531 3448,535 3913,535 3937,533 3948,526 3954,503 3975,468 3978,431 3976,415 3965,402 3934,394 3807,408 3727,407 3610,387 3574,384 3541,374 3502,369 3417,367 3271,356 3140,355 3125,358 3111,370 3086,454"/>
                <Baseline points="3082,490 3978,490"/>
                <TextEquiv>
                    <Unicode>Nouembriß</Unicode>
                </TextEquiv>
            </TextLine>
            <TextLine id="tl_1748346622" custom="readingOrder {index:1;}">
                <Coords points="4815,658 4809,643 4781,634 4598,616 3985,630 3296,624 3116,633 3036,644 2964,668 2955,676 2950,733 2955,743 4775,741 4803,736 4814,726"/>
                <Baseline points="2950,709 4815,709"/>
                <TextEquiv>
                    <Unicode>Den 3. dits 4 f. 6. s. 12 d.</Unicode>
                </TextEquiv>
            </TextLine>
            <TextLine id="tl_1748346624" custom="readingOrder {index:2;}">
                <Coords points="3011,781 4814,781 4814,901 3011,901"/>
                <Baseline points="3011,871 4814,871"/>
                <TextEquiv>
                    <Unicode>Den 10 5. f. 1 s. 2. d.</Unicode>
                </TextEquiv>
            </TextLine>
            <TextLine id="tl_1748346637" custom="readingOrder {index:3;}">
                <Coords points="3016,938 4818,938 4818,1074 3016,1074"/>
                <Baseline points="3016,1040 4818,1040"/>
                <TextEquiv>
                    <Unicode>Den 17 4 f. 3. s 6 d.</Unicode>
                </TextEquiv>
            </TextLine>
            <TextLine id="tl_1748346641" custom="readingOrder {index:4;}">
                <Coords points="4834,1138 4828,1128 4809,1124 3135,1147 3067,1153 3043,1161 3037,1183 3037,1242 3045,1261 3061,1265 3230,1272 4797,1267 4821,1258 4831,1239"/>
                <Baseline points="3037,1235 4834,1235"/>
                <TextEquiv>
                    <Unicode>Den 24 6 f. - s 18 d.</Unicode>
                </TextEquiv>
            </TextLine>
            <TextLine id="tl_1748346647" custom="readingOrder {index:5;}">
                <Coords points="3260,1374 3257,1406 3259,1490 3256,1514 3262,1544 3272,1548 3376,1568 3431,1571 3457,1567 3486,1569 3514,1565 3598,1576 3667,1580 4003,1583 4022,1580 4027,1572 4029,1445 4027,1435 4017,1429 3987,1426 3903,1432 3821,1446 3762,1446 3704,1436 3670,1422 3621,1397 3603,1380 3567,1359 3513,1351 3423,1358 3375,1366 3350,1358 3337,1358 3320,1364 3288,1359"/>
                <Baseline points="3256,1525 4029,1525"/>
                <TextEquiv>
                    <Unicode>Decembris</Unicode>
                </TextEquiv>
            </TextLine>
            <TextLine id="tl_1748346625" custom="readingOrder {index:6;}">
                <Coords points="4778,1827 4771,1813 4744,1806 4422,1768 4274,1771 4089,1800 3884,1809 3623,1807 3361,1779 3082,1778 3012,1787 2980,1820 2938,1837 2928,1855 2927,1915 2933,1931 2954,1938 3165,1940 3496,1929 4351,1921 4750,1903 4776,1894"/>
                <Baseline points="2927,1897 4778,1897"/>
                <TextEquiv>
                    <Unicode>Den 1. dits 6. f. 2. s d -</Unicode>
                </TextEquiv>
            </TextLine>
            <TextLine id="tl_1748346642" custom="readingOrder {index:7;}">
                <Coords points="4784,1992 4774,1983 4492,1981 3090,2003 3039,2009 3014,2019 3007,2040 3009,2097 3018,2106 3091,2108 3347,2106 3598,2095 4352,2097 4758,2082 4781,2075"/>
                <Baseline points="3007,2074 4784,2074"/>
                <TextEquiv>
                    <Unicode>Den 8 5 f. 6 s 12 d.</Unicode>
                </TextEquiv>
            </TextLine>
            <TextLine id="tl_1748346634" custom="readingOrder {index:8;}">
                <Coords points="3002,2159 4766,2159 4766,2280 3002,2280"/>
                <Baseline points="3002,2249 4766,2249"/>
                <TextEquiv>
                    <Unicode>Den 15 4 f. 7. s. 8 d.</Unicode>
                </TextEquiv>
            </TextLine>
            <TextLine id="tl_1748346636" custom="readingOrder {index:9;}">
                <Coords points="2993,2431 2999,2446 3032,2452 3499,2443 4707,2445 4753,2443 4780,2433 4784,2361 4781,2351 4768,2344 4704,2339 3454,2330 3077,2316 3021,2319 3003,2326 2997,2340"/>
                <Baseline points="2993,2418 4784,2418"/>
                <TextEquiv>
                    <Unicode>Den 22 7 f. 3. s - d.</Unicode>
                </TextEquiv>
            </TextLine>
            <TextLine id="tl_1748346627" custom="readingOrder {index:10;}">
                <Coords points="4799,2539 4788,2519 4744,2514 3118,2521 3055,2525 2980,2544 2969,2562 2968,2604 2972,2618 2982,2625 3056,2636 3590,2632 4200,2661 4761,2661 4784,2655 4795,2643"/>
                <Baseline points="2968,2622 4799,2622"/>
                <TextEquiv>
                    <Unicode>Den 29 6 f. 5 s. 10 d.</Unicode>
                </TextEquiv>
            </TextLine>
            <TextLine id="tl_1748346645" custom="readingOrder {index:11;}">
                <Coords points="2929,3017 2940,3064 2971,3122 2985,3138 3034,3143 3274,3142 3290,3138 3306,3124 3333,3117 3363,3099 3383,3093 3408,3077 3463,3060 3593,3058 3747,3065 3797,3062 3853,3051 3971,2998 4018,2984 4084,2974 4174,2969 4234,2951 4243,2939 4243,2854 4229,2845 4194,2837 3896,2801 3511,2801 3368,2809 3316,2818 3026,2903 3003,2918 2976,2928 2940,2965 2929,2986"/>
                <Baseline points="2929,3056 4243,3056"/>
                <TextEquiv>
                    <Unicode>Latuß 51. f. 3 s 8 d.</Unicode>
                </TextEquiv>
            </TextLine>
            <TextEquiv>
                <Unicode></Unicode>
            </TextEquiv>
        </TextRegion>
    </Page>
</PcGts>
