4995 4119
787 360 1518 524 Februarii
626 565 2434 703 Den 3 dits 5 f 2 s 8 d.
667 713 2440 840 Den 10 6 f 3. s. 2. d.
643 857 2454 998 Den 17 5 f. 6. s 15 d.
673 1041 2460 1221 Den 23 4 f. 5. s 27. d.
990 1187 1542 1391 Martii
695 1450 2458 1594 Den 3. dits 6 f. 5 s. 3 d
699 1609 2454 1762 den 10. 10 f. 2. s. 16 d
700 1776 2465 1938 Den 17 15. f. 6 s 10 d.
732 1943 2456 2111 Den 24 14 f. 3. s. 6 d.
737 2131 2464 2317 Den 31 16 f. 2 s. 18. d
945 2317 1724 2584 Aprilis
743 2528 2472 2713 Den 7. dits 10. f. 3. s 18 d
768 2694 2464 2859 Den 14 13 f. 7. s 2 d
749 2849 2463 2999 Den 21 2 f. 4 s. 15 d
759 2996 2454 3182 Den 28 3 f. 6 s. 12
784 3228 2043 3478 Latuß 116. f. 3. s 22 d.
3214 340 3716 503 Maii
2978 518 4780 636 Den 5 dits 4. f. 2. s. 3 d.
2981 663 4800 777 Den 12 5. f. 3. s 27 d.
2990 815 4791 923 Den 19 6 f. - s 17 d.
2996 972 4817 1106 Den 26 5 f. 7. s. 15. d.
3433 1153 3844 1340 Iunii
2911 1419 4786 1575 Den 2 dits 6 f. 2. s. 15 d.
2958 1609 4789 1728 Den 9 5 f. 6. s. 3 d.
2940 1761 4810 1889 Den 16  7 f. 5. s 26 d.
2955 1920 4796 2046 Den 23 4 f. 7. s 16 d.
2972 2076 4772 2226 Den 30 7 f. 3. s 10 d.
3139 2264 3811 2547 Iulii
2976 2645 4786 2768 Den 7. dits 4 f. 6. s 12 d.
2970 2797 4805 2901 Den 14 5 f. 3. s 20 d.
2961 2924 4788 3025 Den 21 6 f. 1. s. 2 d.
2968 3049 4801 3165 Den 28 5 f. 3. s. 6 d.
2875 3209 4285 3409 Latus 75. f. 5 s 22 d.
