6354 4804
2593 714 3146 862 f. kr. d.
791 960 2415 1113 häppl Grundtbuchshandlern
806 1123 2423 1230 die Von 1.ten octobris 755. bis
784 1241 2410 1356 Lezten Septbris. 756. auf ain
787 1362 2458 1471 Iahr Verfahlene Besoldung
762 1436 3144 1572 Lauth 4. Quittungen mit 425 " - " -
778 1700 2408 1884 Nichtmunder bezalte ich ge
789 1880 2432 2009 dachten herren Grundtbuchs
798 2010 2408 2126 handlern anstatt des Vor
805 2136 2447 2255 hin gehabten genuses Von
828 2258 2441 2372 denen Burger Rechts täxen
830 2376 2414 2505 das hieuor Iähr. ausge
830 2507 2491 2631 worffene Von 1.ten 8bris. 755
816 2636 2426 2771 bis Lezten Septb. 756. Be
796 2752 3150 2904 sag 4. Quittungen mit 10 " - " -
779 3068 2402 3267 Dem herrn Iohann Gott
811 3263 2443 3403 lieb Polham Grundtschrei
819 3418 2417 3537 bern dessen Von 1.ten oc
815 3550 2427 3698 tobris 755. bis Lezten
2250 3714 3160 3879 435 " - " -
5551 633 6151 791 f. kr. d.
3795 931 5341 1100 Septbris 756. auf ain Iahr
3797 1109 5351 1246 Verfahlene Besoldung In
3805 1251 6030 1390 halt 4. Quittungen mit 500 " - " -
3746 1521 5395 1735 Dem Ferdinand Fischer grund
3762 1732 5314 1878 buchs Registratori seine
3757 1853 5407 2006 Von 1.ten octobris 755. bis
3757 1986 5331 2140 Lezten Martii 756. auf ain
3751 2124 5327 2269 halbes Iahr Verfallene
3762 2231 5391 2398 Besoldung Vermög 2. Quit
3772 2398 6154 2542 tungen mit 175 " - " -
3740 2683 5361 2898 Dann Bezalte ich nach abster
3749 2891 5372 3035 ben gedachten Ferdinand
3750 3015 5370 3174 Fischer seel. der hinterlaß
3744 3139 5375 3317 senen Wittib Vrsula Fische
3737 3286 5389 3460 rin das derselben gebäh
3727 3414 5353 3593 rende Sterb Quartall Von
5227 3682 6202 3839 675 " - " - "
