5042 4007
782 500 1999 640 tzigisten december Verschinen 1605
819 635 1949 776 biß heut gemelten dato dis Iars
826 760 1965 905 bringt an der Zeit Zwaundfunff
796 898 1970 1040 tzig Wochen Iedem die Wochen Ain
813 1020 2010 1159 gulden vnnd in geldt Benentlich
814 1153 1946 1287 Ainhundert Sechs vnd funfftzig
829 1291 1986 1428 gulden Reinisch welche Ich Ihnnen
826 1429 1990 1542 Lautt bey ligent Irer geferttigten
827 1538 2020 1660 Quittung Zu gewöhnlicher Zallungs
841 1663 1929 1779 Zeit dis Verlassen Iare herumb
825 1777 1969 1903 also Völlig angehenndigt vnnd Zuge
789 1868 2463 2054 stelt habe Idest f. 156 s. d.
781 2540 2119 2701 Denn dreyundtzwaintzigisten December
853 2698 1989 2844 stell ich auch in die Ausgab des
834 2835 2013 2983 Iacob Taubenhoffer vnnd Paull
924 3080 2013 3394 Latus per Se
3035 410 4139 579 Hiertenstainer beede Gemainer
3023 586 4195 704 Statt Wienn bestelte Weingartt
3073 703 4154 844 übergehern Ihr gewöhnliche besol
3042 825 4175 957 dung so Innen Von ermelter Ge
3085 938 4171 1079 mainer Statt geraicht wierdet als
3086 1092 4156 1216 Vom Vierundtzwaintzigisten De
3080 1186 4229 1329 cember Verschinen 1605 biß heut
3073 1324 4121 1453 gemelten dato dis Iars bringt
3079 1440 4198 1577 an der Zeit Zwaundfunfftzig wochen
3055 1563 4196 1698 yedem Wochentlich Ain phundt d.
3059 1691 4145 1828 bringt Ainhundert Vier gulden
3013 1811 4163 1961 dann auch mit Zwayen Rassten auf
3018 1956 4144 2089 dis Iar von Weingartten über Zu
3037 2092 4120 2222 reitten als vom 26. Augustii
3064 2217 4227 2354 biß 14. October an der Zeit Siben
2979 2360 4113 2503 Wochenlanng yedem Wochentlich
3059 2471 4167 2612 Auf vnnderhaltung solcher pferdt
3046 2625 4117 2748 Zwelff schilling d. Inmassen
3023 2738 4131 2876 es ain Edler hochweiser Statt
3024 2983 3887 3268 Latus Nihil.
