5049 3996
810 478 1991 632 sent phundt phening so die durch
836 637 1994 767 leichtigist Fürstin vnnd Fraw Fraw
839 778 1961 892 Maria Ertzhertzogin Zu Össterreich etc
829 897 2022 1020 Zu aufenthaltung etlicher Schueller
797 1027 1926 1162 Löblich gestifftet hat Verfallen
718 1161 2008 1287 Nemblich Funffvnnd sibentzig gulden
757 1283 1877 1427 Reinisch Vt Quittung hiebey
849 1368 2449 1568 Idest f. 75. s. d.
802 2156 1999 2347 Denn Zehenten dits Monats Zalt
837 2346 1941 2471 Ich dem Edlen vnnd Gestrenngen
840 2471 1950 2596 herrn Hannß Christophen Woll
826 2604 1954 2715 tzagen Zu Neuhausß der Röm.
820 2717 2024 2861 Khay. Mt. etc N.Ö. Camer Rath etc
857 2860 1974 2995 inn Abschlag des Verfallnen vnd
843 3091 2076 3396 Latus per Se.
3077 452 4153 583 Ausstänndigen Innteresse Von
3023 583 4174 704 denen Aintausent phundt phening
3086 695 4179 822 so sein Lieber Herr Vatter Paull
2997 838 4217 958 Wolltzagen etc seeliger gegen funff
3064 965 4139 1091 Per Cento ligent Verlassen vnnd
3090 1091 4167 1210 nach seinem Tödlichen ableiben an
3045 1199 4204 1345 Inne Erblich khumen Benentlichen
3052 1340 4224 1471 Fünffvnnd Zwaintzig gulden Reinisch
2994 1446 4808 1620 Innhalt seiner Quittung Idest f. 25. s. d.
2950 2272 4131 2458 Den Zwelfften Ianuarii Zalt ich
3036 2449 4181 2569 dem Edlen vnnd Wolgelerten herrn
3024 2563 4253 2711 Andreen Prudenti Röm. Khay. Mt. etc
2957 2689 4212 2839 N.O. Closter Rath etc Inn abschlag
2991 2815 4185 2958 des Ausstänndigen Innteresse
3050 3050 4149 3378 Latus per Se.
