5413 3755
817 310 2139 537 Den geistlichen frawn Zu den Hymelportten die
851 527 2128 639 Ierlich gült So Sy auf der Stat habent
849 625 2653 787 In drein Quattembern ii γ d vt quittung ꞩ vi γ d
832 859 2204 1044 Vlreichen Metzlstorffer die Iargult So er auf
877 1027 2187 1131 der Stat Zu aufrichtung vnnsrer frawn Ambt
834 1115 2204 1240 Zu Sand Steffan kaufft hat Zu yeder quat
872 1216 2573 1374 tember ii γ d Vt quittung ꞩ viii γ d
813 1401 2125 1573 Hern Anndreen Kaplan der Meß So Iacob
869 1558 2130 1679 Straiffing Zustifften geschafft hat Zu yeder
864 1662 2077 1769 Quattember xj̸ guld daran hab ich Im
852 1758 2054 1868 geben xvi Metzen waitz per iiii γ vnd
862 1858 2594 1999 xvi Metzen korn per iii γ d ꞩ vii γ d
812 2026 2178 2195 Maister Vlrichen Griessenpekchen Statschreiber
854 2178 2123 2295 auf sein quittung Zu Hannden maister
841 2270 2181 2406 Steffans seins Bruder Kaplan des Straiffig
839 2372 2586 2556 Stifft Zu der Quattember Michelis x γ iiii s d
780 2523 2140 2692 Hern Steffan von Hochenberg sein Iargult so
817 2678 2127 2779 er auf der Stat hat C xxxvii guld Zu
799 2766 2114 2870 vir quattembern der hab ich Im ausgericht
783 2851 2166 2965 Zu der quattember der vassten xxxiiii guld
824 2949 2215 3084 i ort per i γ d Zu phingsten per i γ d Michelis
807 3062 2590 3223 per i γ d ꞩ C ii γ vi s d
3271 364 4614 555 Hannsen prugkner sein Iargult So er auf
3357 544 4609 654 der Stat auf Ablosung kaufft hat Zu yeder
3361 644 4635 735 quattember xx guldein die erst in der vasten
3352 730 4652 846 betzalt den gulden per i γ d Zu phingsten den
3335 828 4453 944 guldein per i γ d Michelis per i γ d
3329 926 5140 1046 macht lx guld ꞩ lx γ d
3200 1087 4501 1235 Maister Niclasn von Awln vnd
3316 1230 4562 1344 anndern des Sorger Geschefftleuten der gult
3306 1337 4595 1460 So derselb Sorger Zu stifftunng der Studenten
3298 1440 4662 1589 geschafft hat Zu yeder quattember viii f.
3268 1645 4559 1811 Hannsen pennkl vnd Kunigunnden seiner
3315 1803 4542 1923 Hausfraun Iargült So Sy Zu leibgedig
3325 1913 4537 2016 kaufft haben alle Iar xxxii guld in gold
3323 2005 4559 2102 Georii vnd Michelis Zubetzalen der hab ich
3299 2092 4611 2208 Sy xvi guld betzalt Georii Yeden per i γ d
3318 2191 5118 2333 vnd Michelis xvi guld per i γ d ꞩ xxxii γ d
3276 2373 4586 2569 Hern Hannsen Oppnweiler von hailbrun
3331 2568 4579 2665 Zu Hannden hern Petern seins bruder von
3325 2661 4627 2764 des leinpplshaimer Meß auf Sand Florians
3295 2760 4521 2860 Altar Zu Sannd Steffan Georii vnd
3314 2835 5132 2995 Michelis Zu yedem tag iii γ d Vt quittung ꞩ vi γ d
