5368 3718
1012 197 2089 529 Ausgeben zynns vnd
1072 514 2111 728 dinst den Maistern
1127 713 2027 933 vnd Herrn etc
764 1018 2117 1220 Vonersten Von Hern Mertten weilent pharrer Zu
811 1224 2133 1337 Tyfer die gult so er auf der Stat kaufft hat
821 1327 2126 1429 die man Ierlich dem Brobst vnd Conuent
774 1424 2085 1531 Zu Sand dorothe geben sol Vnd die Sy
820 1520 2099 1626 den Armenleuten in der Burger Spital Zu
819 1620 2183 1743 der vastn Raichen sullen xxx gulden per i γ d
807 1726 2579 1852 Vt quittan ꞩ xxx γ d
733 1923 2213 2110 Hern Wolfganngen Payr pharrer Zu hayn
785 2105 2105 2214 burg die gült so er auf der Stat kaufft hat
740 2206 2152 2315 Zu yeder Quattember vii γ d betzalt in der
760 2299 2245 2422 vassten iiii γ d Zu phingsten iiii γ d Michaelis
794 2412 2037 2536 iiii γ d Vnd Zu Weichnachten nichil
782 2541 2570 2697 Vt quittan drey ꞩ xii γ d
740 2723 2139 2894 Hern Steffan Brobst vnd dem Conuent Zu
782 2885 2158 2990 Sand Dorotheen Zu Wien von wegen
794 2978 2103 3099 der Mawtt Zu Stadlaw Ierlich dauon
3278 366 4498 530 Zu dien Zu den Zwain quattembern in
3305 531 4474 638 der Vasten vnd phingsten nach lautt
3311 624 4466 747 der Stat brief so Sy darumb haben
3294 714 5119 855 auf Ir quittunng xlii γ d
3169 900 4526 1091 Dem Prouisor der gestifften Studenten Zu
3295 1062 4543 1191 der Roten Rosen bey den predigern die gult
3282 1167 4523 1295 von Niclasen vnderm Himl gescheffts
3295 1268 4671 1403 wegen in der vasten xiiij̸ γ d Zu phingsten
3295 1372 5080 1527 xiiij̸ γ d ꞩ xxvii γ d
3196 1483 4500 1678 Hern Iacoben Turgk Kaplan der Meß die
3293 1658 4551 1784 Arnolts von Ach Hawbmer Gescheft
3311 1748 4507 1874 leut auf der Stat kaufft haben Zu yeder
3296 1845 4616 1995 Quattember v γ d betzalt Vasten phingsten
3293 1958 5082 2141 Michael Weichnachten vt quittan ꞩ xx γ d
3261 2154 4608 2407 Maister Iacoben von Flednitz Schulmaister
3226 2385 4614 2522 Zu Sand Steffan die man Im Ierlich sol
3266 2494 4548 2621 raichen Zu yeder Quattember viii γ d
3224 2604 5095 2786 Betzalt in der vassten phingsten ꞩ xvi γ d
