5410 3735
873 330 2301 531 Den drein Collegiaten in der Burger Collegii
949 503 2342 612 auf Sand Steffansfreithof Zu yeder quattember
951 599 2188 726 xii γ d Ausgericht in der vasten phingsten
951 706 2652 841 vt quittan ꞩ xxiiii γ d
811 842 2142 1017 Hern Wolfganngen weissenburger Caplan
931 1003 2143 1116 der Meß die Michel Stadl Zestifften ge
916 1090 2043 1209 schafft hat Zu yeder quattember vii γ d
889 1180 1884 1307 Ausgericht in der vasten Nichil
802 1336 2091 1483 Den Bekerm Frawn Zu Sannd Ieronimus
859 1470 2129 1568 Zu yeder quattember xxv γ d der hab ich
870 1556 2120 1669 In ausgericht in der vasten xxv γ vnd Zu
870 1660 2096 1769 phingsten xxv γ Michelis xxv γ vnd
821 1755 2597 1916 Zu Weichnachten xxv γ d auf Ir quittung ꞩ C γ d
732 1952 2094 2120 Den geistlichen Frawn Zu Sannd Iacob die
826 2111 2097 2213 gult so Sy auf der Stat habent alle quat
828 2200 2123 2322 tember xxviij̸ gulden der hab ich In an Ir
831 2292 2553 2451 Schuld betzalt Vt quittung C l γ d
736 2469 2200 2682 Hern Erharten dossen die gult So er auf der Stat
859 2659 2155 2774 hat die erst quattember der vassten l. florenis die
853 2750 2149 2885 ander phingsten l. fl. die dritt Michelis l. florenis
834 2852 2514 3015 per i γ d ꞩ C l γ d
3267 364 4602 545 Hern Wenntzlaben Achtse   icht Kaplan
3343 527 4673 638 der Meß So Ott Metzner Zustifften geschaft
3345 629 4611 730 hat all Quattember iii γ d Betzalt
3331 714 5189 861 Quattember der Vassten iii γ vi s d ꞩ iii γ vi s d
3282 895 4550 1032 Lienharten Suessen von wegen seiner gult
3322 1008 4596 1130 die er auf der Stat auf ablosung gechaufft
3332 1117 4523 1221 hat Zu yeder Quattember xvii guld
3338 1214 4556 1317 xxxi d Betzalt Zu der Quattember
3318 1303 4713 1412 der Vasten xvii guldein xxxi d Zu phing
3317 1406 4581 1520 sten xvii guld xxxi d Michelis florenis
3324 1501 5178 1653 xxxi d vt quittan ꞩ li γ iii s iii d
3289 1695 4553 1853 Maister Vlrichen Hussawer Caplan der
3351 1846 4591 1944 Meß So fraw Margreth von Nosen hitz
3335 1928 4610 2037 Sand Ieronimus Zu Wien gestifft hat von
3340 2022 4581 2118 des Mellkassen wegen am Newnmarkcht
3294 2117 4560 2246 Zu yeder quattember xj̸ guld ꞩ xlii guld
3298 2221 5070 2348 per i γ d ꞩ xlii γ d
3249 2441 4588 2636 Hern Micheln Harrasser von der Ierlichen gult
3320 2628 4552 2729 wegen So er auf der Stat hat Zu yeder
3315 2721 4650 2823 Quattember vii f. der Ich Im betzalt hab
3325 2814 4660 2924 die erst Zu der vasten die ander Zu phingsten
3323 2903 5134 3069 xiiii guld per i γ d vt quittan ꞩ xiiii γ d
