6400 4827
2694 564 3209 741 f kr d
814 681 2559 875 Item erlegte Frantz Carl Rogner
786 862 2592 974 wegen seiner Caffee Hütten enthalb
801 971 2560 1080 der schlagbruggen den biß 4ten
793 1080 2626 1205 April 737. verfallenen Iahrs Zünß
775 1205 3173 1332 mit 15 " - " -
804 1420 2600 1583 Den 17ten Nouemb. erlegte Antonius
798 1576 2579 1690 Deodat wegen seiner Caffee Hütten
803 1688 2593 1795 enthalb der schlagbrukhen ain iahrs
812 1784 3199 1935 Zünß biß Michaeli Anno 738. mit 45 " - " -
776 2035 2562 2211 Den Lezten Ianu. Anno 739. Zalt
787 2192 2512 2309 Anna Maria Königin wegen ihrer
796 2309 2604 2421 Cäffeè Hütten enthalb der schlagbrugen
804 2408 2587 2526 den biß Michaeli 738. verfallenen
812 2514 3173 2665 Iahrs Zünß mit 36 " - " -
776 2760 2508 2903 Dito erlegte Franz Deodat wegen
785 2898 2521 3011 seiner Caffee Hütten enthalb der
791 3005 2519 3109 Schlagbruggen ain verfallenen
804 3106 2584 3240 Iahrs Zünß biß Michaeli 738. benent
769 3228 3181 3378 lichen mit 25 " - " -
798 3454 2524 3606 Dito erlegte obbemelter Franz Carl
790 3595 2532 3714 Rogner wegen seiner Caffè Hütten
784 3704 2537 3814 enthalb der schlagbrugen ain iahrs
824 3799 3179 3951 Zünß biß 4. April 738. mit 15 " - " -
2398 3979 3179 4109 136 f. - " -
5710 545 6198 681 f kr d
4198 680 4964 874 Waschstätt Zünß
3768 1024 5499 1170 Den 7ten Martii Anno 738. Erlegte
3771 1163 5472 1279 Franz Carl Wenger burgerlicher
3759 1282 5490 1378 bergamenter wegen einer in der
3743 1382 5490 1485 Leopoltstatt habenten waschzillen
3758 1478 5502 1579 undt trükherstatt den Von ersten
3747 1580 5490 1688 Ianu. 732 biß Letzten Xbr. 737.
3792 1688 5483 1791 auf 6. iahr ausstendig gewesten
3737 1785 5543 1913 Zünß per Iährlichen 6 f. benentlich
3735 1918 6206 2048 mit 36 " - " - "
3758 2147 5498 2299 Den 15ten April Erlegte die Frau
3731 2299 5500 2404 Theresia Pazollin Wittib in Namen
3741 2407 5487 2516 der Frauen Pozenhardtin wegen
3732 2513 5526 2625 der Iohann bökhischen Waschstatt
3744 2620 5494 2729 in der Leopoldtstatt den biß Lezten
3742 2731 5508 2850 Xbr. 737. auf 2 Iahr verfallenen
3716 2849 6207 2998 Zünß mit 12 " - " - "
3702 3062 5537 3213 Den 12ten Maii undt 21ten Octob.
3695 3205 5398 3316 Erlegte Iohann Georg Stehrer
3715 3308 5385 3408 wegen der in der Rossau im
3730 3411 5452 3512 bstandthabenten Wasch Hütten
3727 3518 5484 3626 undt Trückherstatt den von Georgi
3714 3626 5452 3726 738. biß dito 739. auf ain iahr
3677 3723 5463 3839 Verfallendten bstandt Zünß
3697 3839 6194 3978 mit 350 " - " -
5371 4002 6186 4129 398 f. - " -
