6387 4833
2754 591 3210 697 f kr d
794 697 2561 856 Den 9ten Ienner 739. erlegten
781 860 2599 978 Weyl. Herrn Wenzl Webersing
771 981 2585 1083 seel. hinterlassene Erben wegen
789 1081 2586 1186 einer waschstatt bey deren Hauß
791 1180 2570 1284 in der Leopoldtstatt den Zünß
806 1278 2601 1394 biß Lezten Xbr. 738. auf Zwey
804 1386 3166 1530 Iahr mit 12 " - " -
1277 1649 2135 1843 Brod Läden Zünß
788 1922 2561 2084 Den 4ten Iunii Anno 738 erlegte
791 2080 2536 2198 Iacob Seyfridt wegen eines brodt
765 2196 2559 2303 Ladens in dessen behaußung am
786 2296 2604 2394 Althanischen Grundt den biß 8ten
799 2395 2555 2510 Maii diß iahrs verfallenen Iahrs
782 2506 3156 2636 Zünß mit 3 " - " -
795 2722 2449 2877 Den 7ten Augusti erlegte Herr
790 2864 2489 2981 Leopoldt Romboldt des aussern
781 2977 2514 3076 Raths wegen eines brodt Ladens
784 3076 2497 3171 in seinen Hauß Zum weissen
774 3167 2501 3268 Rössl in der Rossau den biß
786 3269 2509 3380 16 April 738. verfallenen Iahrs
792 3379 3148 3522 Zünß mit 5 " - " -
750 3611 2561 3756 Den 22ten dito erlegte Stephan
754 3752 2542 3898 Zohrn wegen eines brodt Laaden
2358 3895 3170 4048 20 f. - " -
5693 579 6201 708 f kr d
3712 746 5527 882 in dessen behaußung Zur grien
3755 871 5536 978 Saulen in der Rossau den biß
3768 974 5499 1078 Lezten Xbr. 737. Verfallenen
3748 1084 6223 1216 iahrs Zünß mit 5 " - " - "
3728 1337 5468 1484 Den 23ten dito Erlegte Wey.
3749 1474 5446 1584 Caspar Tietz seel. hinterlassene
3742 1578 5453 1681 Wittib wegen eines brodt Laadens in
3736 1687 5457 1795 ihrer behausung Zum Goldenen
3753 1784 5513 1896 bern in der Rossau den biß 31.
3761 1896 5511 2004 Xbr. 737. Verfallenen Iahrs
3756 2002 6203 2163 Zünß mit 6 " - " -
3713 2239 5544 2408 den 19ten Ianu. Anno 739. erlegt
3732 2404 5466 2513 Simon Hilzer wegen eines brodtladen
3732 2512 5519 2611 in dessen behaußung in der alster
3700 2607 5448 2710 gassen nägst deren Augustiner gartten
3729 2709 5445 2817 den biß 12 diß verfallenen ain
3726 2822 6204 2999 Iahrs Zünß mit 4 " - " - "
3695 3115 5434 3268 Den 29ten dito erlegte Magdalena
3715 3266 5467 3368 Härtingerin wegen eines brodt
3713 3364 5421 3472 Laadens in ihrer behaußung bey
3704 3470 5524 3569 dem Goldenen Adler in der Rossau
3705 3568 5494 3675 den biß Lezten Xber. 738. auf
3722 3674 5511 3787 ain iahr verfallenen Zünß benent
3686 3777 6179 3952 lichen mit 5 " - " - "
5294 3992 6180 4129 20 f. - kr.
