6624 4811
2945 524 3437 669 f kr d
1003 701 2790 831 undt Hannß Michael Vlrich beede
1029 835 2802 937 Nachtwagen wachter ihren biß Georgii
996 936 2827 1050 diß Iahrs verfallenen bstandt Zünß
1059 1041 3420 1146 mit 20 " - " -
1003 1246 2793 1404 Den Ersten Octob. erlegte Iohann
990 1399 2795 1506 Peter Rendl wegen der ihme von
995 1497 2792 1601 Einem Löbl. Statt Rath Laut berath
986 1595 2819 1698 schlagten Ober Camer ambts bericht
996 1685 2838 1787 überlassen undt Vorhin von dessen
1029 1777 2788 1877 Muetter ingehabter Messer Hütten
1036 1875 2809 1972 enthalb der schlagbrukhen den biß
1028 1970 2821 2087 Michaeli diß Iahrs verfallenen Iahrs
1023 2075 3384 2215 Zünß mit 8 " - " -
1025 2297 2761 2456 Den 29ten Xber. Erlegte Herr
1037 2452 2813 2559 Melchior Puchs undt Iohann Michael
1036 2555 2815 2656 Holtzer beede des aussern Raths
1042 2650 2738 2755 undt burg. Wiesierer wegen in
1047 2748 2763 2847 bstandt habenten Wiesier Rechts
1052 2844 2779 2948 undt Hönigbstechen den biß Mich.
1039 2941 2800 3053 738. Verfallenen Iahrs bstandt
1062 3049 3391 3177 mit 40 " - " -
1508 3216 2436 3411 Cäffeè Hüetten Zünß
1016 3463 2798 3636 Den 26ten April undt 17 Octob. 738.
1034 3626 2774 3740 Erlegte Iohann Leichnambschwider
1040 3727 2844 3868 wegen seiner Caffè Hüttenenthalb
2590 3840 3385 4061 68 f. - kr
5873 500 6415 618 f kr d
4002 665 5769 811 der schlagbruckhen den biß Michaeli
4024 809 6462 949 738. Verfallenen Iahrs Zünß per 30 " - " - "
3965 1042 5782 1204 Den 5ten May undt 29ten Octob.
3992 1194 5679 1310 bezalt die Clara Calthnerin wegen
3984 1302 5640 1418 einer Caffè Hütten enthalb der
3958 1407 5661 1521 Schlagbrukhen den biß Michaeli
3959 1521 5735 1644 diß iahrs verfallenen Iahrs Zünß
3964 1649 6449 1796 mit 36 " - " - "
3964 1863 5734 2032 Den 5ten May undt 29ten Octob.
3958 2027 5659 2131 entrichtet Iohann Calchner wegen
3943 2130 5656 2239 seiner Caffè Hütten enthalb der
3938 2237 5657 2348 Schlagbruckhen ain Iahrs Zünß
3931 2350 6432 2514 biß 5ten Aug. 738. mit 25 " - " -
3930 2608 5670 2765 den 22ten Augustii Erlegte Frantz
3945 2761 5669 2876 Deodat wegen seiner Caffè Hütten
3940 2876 5696 2972 enthalb der schlagbruckhen ainen
3969 2969 6427 3130 Iahrs Zünß biß Michaeli 737 per 25 " - " - "
3913 3224 5708 3385 Dito erlegte Theresia Millerin wegen
3929 3377 5710 3490 einer Caffè Hütten enthalb der schlag
3935 3480 5705 3591 bruggen den biß 14ten Mertz 738.
3925 3588 5692 3706 auf 2 Iahr verfallenen Zünß
3941 3692 6414 3848 24 " - " -
5541 3939 6402 4081 140 f. - kr.
