6405 4837
2698 491 3211 679 f kr d
821 712 2544 874 Den Lezten dito erlegte Michael
828 874 2533 978 Auer wegen eines brodt Laadens
806 979 2607 1088 in dem Miliß Maurerischen Hauß
794 1082 2633 1196 Zum goldenen Hierschen in der Rossau
810 1196 2643 1303 den biß 30ten Iunii 738. auf
833 1308 3185 1454 Zwey Iahr verfallenen Zünß mit 8 " - " -
790 1597 2589 1756 Dito erlegte Stephan Zohrn wegen
796 1751 2666 1866 eines brodt Laadens in seinen Hauß
798 1863 2668 1967 Zur grienen Saulen in der Rossau
808 1962 2626 2072 den biß Lezten Xber. 738. auf
788 2066 3203 2207 ain iahr Verfallenen Zünß mit 5 " - " -
2433 2256 3211 2455 13 f. - kr
991 2576 2593 2938 Summa Über Vorstehendten
1449 2919 2050 3058 Empfang
1201 3078 2581 3337 1213 f. - kr. - d.
4036 281 5265 719 Empfang
3801 800 5700 1022 An Täffern Gastgeb und Taffel Recht
