5345 4147
621 473 1995 625 Im Abschlag der Zway Tausent gulden Reinisch so sie
655 600 2035 708 Bey gemainer stadt Ligent hat fünfhundert
641 655 2570 856 gulden Reinisch Vt quittung Idest f 500 s - d -
662 1117 2046 1265 Den dreitzehenden tag Octobris Zalt ich herrn
656 1254 2036 1358 Georgen Khodtler Zu weickherstorf Als weil
676 1343 1999 1450 lendt Leopoltn Forssters alhie selligen ge
675 1429 2046 1542 lassner khünder füergesetzter gerhab die Zway
662 1529 2003 1633 hundert gulden haubtguet so er den erssten
652 1615 1990 1726 tag Ianuarii verschines Achtvndsibentzigisten
663 1706 2008 1815 Iars auß gedachter seiner Gerhabschafft vmb
609 1797 2041 1899 fünf Per Cennto dargelichen Laudt Obligation
617 1816 2634 2000 vnd quittung hiebey Idest f 200. s - d -
618 2071 2077 2230 Den Funfftzehenden ditz Gab ich dem Matheus
627 2192 1965 2316 Schwartzen Burger des Aussern Rats alls
663 2288 2038 2394 weillent Merthen Tuerrners selligen ge
669 2367 2123 2485 lassner khinder Gerhab von denen Zwayhundert
668 2471 2002 2589 Achtzig gulden Reinisch so er auß gedachter
651 2556 2100 2670 seiner Gerhabschafft den ersten tag Nouembris
628 2649 2035 2770 Verschines Fünfvndsibentzigisten Iars Ge
656 2738 2064 2864 mainer stadt vmb Siben Per Cennto dar
652 2845 2067 2965 gelichen in Abschlag derselben Achtzig gulden
619 2940 2126 3091 Reinisch so frauen Margaretha Schweinhaimblin
641 3149 1850 3539 Latus f 700 s - d -
3122 409 4520 559 die Zuuor Obgedachten Turner ehelichen gehabt
3183 538 4555 642 auf Ir gethones Suppliciern von herrn Burger
3202 623 4532 716 maister vnd Rat auß dem Obercamer Ambt
3189 714 4497 813 Zugeben verwilligt worden Laudt Ratschlag
3206 797 5099 940 vnd quittung Idest f 80. s - d -
3139 1096 4580 1237 Item den Achtzehenden tag Octobris Anno etc Achtzig
3200 1226 4503 1327 isten Zalt ich der frauen Elisabeth Weillent
3172 1317 4491 1411 Matheus Zweckhen gewösten Burgers vnnd
3156 1409 4542 1503 Gwanndtschneiders alhie selligen gelassner ehe
3171 1489 4545 1596 leiblichen Tochter so yetzo Zacharias Khrausen
3163 1587 4487 1700 hofdiener ehelichen hat die drey Tausent
3166 1687 4434 1802 gulden Reinisch welche Ir von gedachtem
3157 1786 4502 1890 Iren Vattern Erblichen Anerstorben vnd Irer
3106 1877 4546 1989 Verornndte gerhaben Iacob Rat vnd Ambrosy
3144 1975 4538 2084 Zwöckh in drey vnderschiedlichen Possten Vermüg
3144 2078 4488 2176 Dreyer Obligation Orginaliter hiebey der
3146 2172 4436 2276 ersten steeth dätum den dreitzehenden Iunii
3146 2259 4480 2362 Anno etc Ainvndsibentzigisten der Anndern
3139 2353 4537 2470 Ersten Iulii Anno etc Zwayvndsibentzigisten Vnd
3116 2450 4541 2567 der dritten den Zwaintzigisten Iullii verschines
3114 2551 4525 2666 dreyvndsibentzigisten Iars Gemainer stadt
3124 2647 4488 2764 wienn Vmb fünf Per Cennto dargelichen Vt
3095 2738 5144 2886 quittung Idest f 3000. s - d -
3119 3090 4329 3606 Latus f 3080. s - d -
