5380 4192
628 494 1923 656 Den Sibenden tag Septembris Zalt ich denen
658 625 1933 740 Georgen Graß vnd Michaeln Pausch Beede
665 713 1942 819 Burger alhie Alls weillent Iacoben Tafflers
655 803 1986 903 gewösten Burger vnd PruckhZimermannß
656 886 1951 992 alhie selligen gelassner vngeuogter khünder
659 969 2034 1080 füergesetzten Gerhaben Die Ainhundert Neün
654 1061 2062 1176 vndsibentzig Pfundt fünf schilling Zehen Pfening
656 1156 1988 1264 so sie den Aindlifften tag Maii diß Achtzigisten
670 1251 1964 1347 Iars in das Obercamerambt erlögt vermüg
666 1330 2011 1430 meiner ime gegebnen Ambts Bekhanndtnus
648 1373 2571 1577 hiebey Laudt Irer quittung Idest f 179. s. 5. d 10
573 1654 1912 1853 Den Neynndten ditz Zalt ich dem Wolf Aigner
656 1821 2022 1925 Burger vnnd gemainer stadt wienn verornden
659 1915 1990 2021 auf derselben Puechalterey in Abschlag der
627 2010 2014 2131 Fünfhundert gulden Reinisch so sein hauß
643 2095 1944 2215 frau Anna Bey gemainer stadt wienn
646 2189 2018 2300 vmb fünf Per Cennto Ligent hat Ainhundert
642 2287 1985 2403 gulden Reinisch vermüg der quittung hiebey
694 2331 2645 2506 Idest f 100. s - d -
632 2637 2023 2776 Den Sechsvndzwaintzigisten ditz Zalt ich Abermaln
655 2752 2026 2861 Frauen Anna Aignerin von denen Fünfhundert
648 2847 2010 2945 gulden Reinisch so sie Bey gemainer stadt Wienn
657 2934 1931 3071 vmb fünf Per Cennto Ligent hat Vber die
682 3142 1852 3534 Latus f. 279 s 5. d 10.
3148 442 4612 580 Ainhundert Pfundt Pfening so sy Zuuor den Neünten
3178 564 4619 663 tag diß Monnats Septembris daran empfangen
3153 649 4639 747 Nach darauf dreyhundert Sechsvndreissig Pfundt
3151 732 4572 847 fünf schilling Zehen Pfenning Vt quittung hiebei
3189 810 5158 959 Idest f 336. s 5. d 10.
3132 1059 4607 1215 Den Neünvndzwaintzigisten tag Septembris Zalt ich
3155 1191 4519 1296 Michaeln Männdteller Burger alhie die Ain
3164 1293 4474 1394 hundert gulden Reinisch so er Zum Pollnischen
3147 1384 4546 1480 wösen den ersten tag Iunii Anno etc Sechsvndsibent
3144 1472 4525 1580 Zigisten dargelichen Laudt Obligation vnd quit
3152 1549 5117 1706 tung hiebey Idest f. 100 s - d -
3129 1751 4556 1897 Item den Lessten tag diß Monnats Septembris
3165 1881 4526 1991 Zalt ich frauen Anna weillent herrn Georgen
3149 1978 4560 2093 Pranndtstedters des Innern Rats alhie selligen
3133 2073 4531 2184 gelassner wittib so yetzo herrn Charrl
3145 2167 4566 2281 Pächaleb Zu Obern walterstorf Ehelichen hat
3155 2263 4543 2379 die Fünf Tausent gulden Reinisch so sie Bey
3161 2351 4581 2457 gemainer stadt wienn gegen Acht Per Cento
3153 2450 4562 2557 Ligent gehabt vermüg ainer Obligation Vnd
3147 2522 5142 2684 quittung hiebey Idest f 5000 s - d -
3115 2742 4583 2924 Item den Ayndlifften tag Octobris Zalt ich
3164 2903 4577 3057 der frauen Magdalena Propertionin wittib
3143 3134 4413 3582 Latus f 5436 s 5. d 10.
