5362 4170
649 554 2082 697 Gemainer stadt Wienn gegen fünf Per Cennto dar
641 682 1983 787 gelichen Vermüg Nebenligunder Obligation
597 776 1999 888 Welche Suma Ime gedachten Gwalttrager Auf
639 873 2052 987 verwilligung herrn Burgermaister vnd Rat
645 970 2021 1093 Laudt Ratschlag hiebey gegen quittung vnd
652 1079 2075 1180 erlegung der gepüerunden Abfardt alß völlig
608 1159 2645 1332 Zuegestölt vnd vberandtwordt hab Idest f 250. s - d -
666 1488 2046 1657 Den Zehenden tag Iunii Gab ich abermals dem
679 1637 2061 1759 Christof hüerrnner Burgers Sun alhie auf
650 1751 2055 1856 schrifftlichen Beuelch herrn Burgermaister vnd
627 1839 2056 1964 Rat Laudt Ratschlag hiebey Zu völliger Be
650 1951 2009 2071 Zallung der Fünfhundert gulden Reinisch
661 2054 2024 2169 so er den Zwaintzigisten tag negst verschünes
655 2162 2026 2274 Monnats Apprillis diß Achtzigisten Iars
655 2265 2049 2377 Gemainer stadt wüenn gegen fünf Per
664 2364 2052 2473 Cennto Dargelichen Vber die Zwaihundert
669 2467 2056 2587 Achtzig Pfundt Pfening so er Zuuor Zu Vier
682 2579 2029 2694 malln daran in Abschlag empfanngen
679 2671 1997 2796 noch darauf Zwaihundertvndzwaintzig
649 2782 2002 2902 Pfundt Pfening vermüg seiner quittung
696 2870 2627 3081 vnd Obligation hiebey Idest f 220. s - d -
664 3149 1841 3620 Latus f 470 s - d -
3131 505 4577 642 Den Viertzehenden tag Iunii Zalt ich dem Paull Ernsten
3167 628 4581 727 Burger vnd hanndlßman alhie die dreyhundert
3173 726 4518 816 gulden Reinisch so er in dreyen Vnnderschiedlichen
3165 805 4539 910 Possten alls den ersten Februarii Anno etc Fünf
3174 895 4532 996 vndsibentzigisten Item den Sibenden Iunii Anno etc
3165 991 4576 1082 Sechsvndsibentzigisten vnd den Viervndzwaintzig
3172 1080 4562 1185 isten Septembris Anno etc Sechsvndsibentzigisten
3179 1167 4527 1267 vermüg dreyer Obligation hiebey Gemainer
3150 1268 4468 1376 stadt wienn ohn Innteresse dargelichen Vt
3136 1352 5158 1519 quittung Idest f 300. s - d -
3124 1576 4546 1735 Den Sechtzehenden ditz Zalt ich dem herrn Michaeln
3153 1716 4488 1822 Geldricher Röm. Khay. Mey. etc Mauttner
3153 1806 4498 1899 Zu Lüntz die Ain Tausent fünfhundert gulden
3132 1892 4532 1999 Reinisch so er den Secht Zehenden tag Augusti ver
3169 1989 4485 2096 schines Achtvndsibentzigisten Iars gegen Acht
3163 2078 4487 2177 Per Cennto Gemainer stadt wienn dargelichen
3086 2161 4497 2280 Vermüg der Obligation vnd quittung hiebey
3141 2235 5152 2395 Idest f 1500 s - d -
3124 2452 4520 2594 Den Achtvndzwaintzigisten ditz Zalt ich herrn
3130 2567 4511 2670 Zacharias Lüßnickh Secretarii bey der Nider
3130 2660 4432 2767 Österreichischen Regierung die Ain Tausent
3118 2748 4475 2852 gulden Reinisch so er den Zwaintzigisten tag
3102 2836 4497 2949 Iunii verschines dreyvndsibentzigisten Iars ge
3129 2929 4484 3067 mainer stadt wienn gegen Siben Per Cennto
3016 3145 4371 3649 Latus f. 1800 s - d -
