<?xml version="1.0" encoding="UTF-8" standalone="yes"?>
<PcGts xmlns="http://schema.primaresearch.org/PAGE/gts/pagecontent/2013-07-15">
    <Metadata>
        <Creator>prov=READ-COOP:name=PyLaia@TranskribusPlatform:version=2.25.0:model_id=314193:lm=provided:date=31_03_2025_12:48</Creator>
        <Created>2025-03-31T10:15:25.795+02:00</Created>
        <LastChange>2026-02-02T12:01:23.163+01:00</LastChange>
        <TranskribusMetadata docId="7708396" pageId="94260275" pageNr="267" status="GT" userId="261754" imgUrl="https://files.transkribus.eu/Get?fileType=view&amp;id=XHSAMAADBUBPRUQSZYLPFLXL" imageId="78871869"/>
    </Metadata>
    <Page imageFilename="94260275.tif" imageWidth="5375" imageHeight="4135">
        <TextRegion id="region_153754135" custom="readingOrder {index:0;}">
            <Coords points="0,0 2687,0 2687,4135 0,4135"/>
            <TextLine id="tl_1743411944" custom="readingOrder {index:0;}">
                <Coords points="2032,555 2028,539 1997,510 1984,491 1931,484 1719,489 1614,506 1564,509 1375,506 1230,535 1171,542 1067,544 864,535 720,534 669,543 655,551 652,648 659,662 674,667 1033,667 1950,639 2012,633 2030,625"/>
                <Baseline points="652,619 2032,619"/>
                <TextEquiv>
                    <Unicode>so er den ersten tag Iullii verschines Sechsvnd</Unicode>
                </TextEquiv>
            </TextLine>
            <TextLine id="tl_1743411940" custom="readingOrder {index:1;}">
                <Coords points="661,687 662,757 672,766 1679,765 1865,743 2020,735 2037,731 2044,724 2044,678 2040,670 2020,662 1979,660 1822,663 1728,655 1562,653 1315,657 721,653 671,661 664,670"/>
                <Baseline points="661,737 2044,737"/>
                <TextEquiv>
                    <Unicode>sibentzigisten Iars Zum Pollnischen wösen</Unicode>
                </TextEquiv>
            </TextLine>
            <TextLine id="tl_1743411926" custom="readingOrder {index:2;}">
                <Coords points="2042,790 2037,781 1917,766 1874,751 1828,745 1572,746 1335,761 1107,753 822,753 737,763 676,781 666,793 668,834 678,844 722,855 782,860 1540,857 1777,861 2021,849 2035,843 2041,834"/>
                <Baseline points="666,832 2042,832"/>
                <TextEquiv>
                    <Unicode>auf Zway Iarlang ohn Innteresse darge</Unicode>
                </TextEquiv>
            </TextLine>
            <TextLine id="tl_1743411929" custom="readingOrder {index:3;}">
                <Coords points="658,855 2040,855 2040,967 658,967"/>
                <Baseline points="658,939 2040,939"/>
                <TextEquiv>
                    <Unicode>lichen Laudt Obligation Vnd Quittung hie</Unicode>
                </TextEquiv>
            </TextLine>
            <TextLine id="tl_1743411916" custom="readingOrder {index:4;}">
                <Coords points="2614,941 2607,930 2181,928 1861,941 1603,960 1316,968 736,963 662,970 643,983 639,1005 642,1046 651,1056 732,1066 1236,1060 1926,1084 2479,1081 2574,1068 2592,1055 2613,1015"/>
                <Baseline points="639,1045 2614,1045"/>
                <TextEquiv>
                    <Unicode>bey Idest f 100. s - d -</Unicode>
                </TextEquiv>
            </TextLine>
            <TextLine id="tl_1743411946" custom="readingOrder {index:5;}">
                <Coords points="530,1354 533,1371 546,1385 617,1387 777,1369 1229,1347 1742,1353 2079,1345 2098,1338 2102,1313 2098,1286 2081,1278 1803,1239 1313,1237 1012,1259 949,1259 878,1250 764,1226 609,1214 574,1226 537,1249 531,1274"/>
                <Baseline points="530,1343 2102,1343"/>
                <TextEquiv>
                    <Unicode>Eodem Zalt ich gedachtem herrn Khrebsen mer</Unicode>
                </TextEquiv>
            </TextLine>
            <TextLine id="tl_1743411951" custom="readingOrder {index:6;}">
                <Coords points="635,1384 637,1406 647,1415 665,1420 670,1425 662,1430 667,1438 683,1447 780,1455 1103,1460 1230,1441 1340,1436 1759,1451 2007,1447 2106,1442 2120,1433 2121,1382 2115,1370 2089,1363 2019,1357 1876,1357 1668,1366 1241,1351 672,1354 653,1360 639,1373"/>
                <Baseline points="635,1432 2121,1432"/>
                <TextEquiv>
                    <Unicode>Ainhundert gulden Reinisch die er den Neün</Unicode>
                </TextEquiv>
            </TextLine>
            <TextLine id="tl_1743411956" custom="readingOrder {index:7;}">
                <Coords points="2018,1480 2014,1471 1995,1464 1852,1460 1620,1445 1315,1450 1263,1454 1153,1481 1095,1486 903,1468 798,1468 704,1474 687,1480 683,1486 682,1520 688,1530 704,1535 756,1539 952,1540 1100,1562 1429,1562 1516,1548 1652,1558 1995,1561 2007,1557 2015,1547"/>
                <Baseline points="682,1532 2018,1532"/>
                <TextEquiv>
                    <Unicode>vndzwaintzigisten tag Ianuarii Anno etc.</Unicode>
                </TextEquiv>
            </TextLine>
            <TextLine id="tl_1743411921" custom="readingOrder {index:8;}">
                <Coords points="2025,1587 2019,1575 2001,1566 1947,1557 1745,1556 1627,1547 1491,1547 1437,1556 1410,1570 1360,1577 1252,1575 1165,1583 1099,1578 1006,1557 960,1553 699,1554 657,1571 637,1591 632,1605 632,1640 644,1663 681,1668 1020,1664 1220,1667 1391,1656 1463,1656 1579,1668 2000,1667 2015,1663 2024,1653"/>
                <Baseline points="632,1637 2025,1637"/>
                <TextEquiv>
                    <Unicode>fünfvndsibentzigisten Zu richtig machung</Unicode>
                </TextEquiv>
            </TextLine>
            <TextLine id="tl_1743411931" custom="readingOrder {index:9;}">
                <Coords points="2058,1683 2049,1670 2025,1664 1876,1661 1735,1652 1604,1653 1473,1647 1273,1655 1190,1668 979,1657 698,1662 645,1668 630,1674 620,1690 619,1738 633,1752 677,1759 917,1768 1568,1767 1844,1762 2051,1747 2058,1741"/>
                <Baseline points="619,1737 2058,1737"/>
                <TextEquiv>
                    <Unicode>der dreissig Tausent gulden so der Röm.</Unicode>
                </TextEquiv>
            </TextLine>
            <TextLine id="tl_1743411917" custom="readingOrder {index:10;}">
                <Coords points="624,1799 626,1850 633,1861 705,1876 1173,1882 1243,1878 1271,1871 1368,1862 1513,1882 1638,1883 1762,1872 2016,1869 2041,1863 2048,1850 2045,1782 2025,1773 1975,1770 1810,1772 1293,1760 1140,1752 817,1751 648,1761 627,1773"/>
                <Baseline points="624,1850 2048,1850"/>
                <TextEquiv>
                    <Unicode>Khay. Mey. etc die miettigist dargelichen</Unicode>
                </TextEquiv>
            </TextLine>
            <TextLine id="tl_1743411955" custom="readingOrder {index:11;}">
                <Coords points="656,1898 658,1940 667,1951 727,1962 785,1966 1132,1973 1377,1956 1474,1960 1614,1975 2039,1976 2043,1968 2040,1894 2020,1888 1764,1882 1633,1894 1511,1891 1358,1869 925,1868 680,1879 663,1885"/>
                <Baseline points="656,1949 2043,1949"/>
                <TextEquiv>
                    <Unicode>Vnd gemainer stadt wienn gegen fünf Per</Unicode>
                </TextEquiv>
            </TextLine>
            <TextLine id="tl_1743411941" custom="readingOrder {index:12;}">
                <Coords points="2620,1972 2616,1965 2590,1959 1600,1974 730,1968 666,1975 646,1985 637,2003 638,2063 654,2077 867,2090 1174,2091 1927,2145 2513,2150 2581,2140 2613,2117 2619,2098"/>
                <Baseline points="637,2100 2620,2100"/>
                <TextEquiv>
                    <Unicode>Cento füer geströckht Vt quittung Idest f 100. s - d -</Unicode>
                </TextEquiv>
            </TextLine>
            <TextLine id="tl_1743411939" custom="readingOrder {index:13;}">
                <Coords points="585,2312 586,2386 589,2399 604,2407 913,2400 1126,2388 1309,2399 1499,2396 1691,2407 1800,2407 2017,2397 2036,2387 2040,2371 2037,2317 1980,2307 1607,2279 1140,2275 764,2279 696,2268 668,2247 672,2240 651,2234 609,2233 600,2241"/>
                <Baseline points="585,2362 2040,2362"/>
                <TextEquiv>
                    <Unicode>Den Achtvndzwaintzigisten Maii Zalt ich</Unicode>
                </TextEquiv>
            </TextLine>
            <TextLine id="tl_1743411923" custom="readingOrder {index:14;}">
                <Coords points="2104,2428 2099,2401 2048,2395 1936,2404 1848,2402 1706,2407 1561,2394 1462,2392 1043,2398 848,2394 715,2413 659,2429 645,2444 644,2486 650,2495 660,2499 717,2503 835,2501 971,2488 1045,2487 1097,2492 1179,2509 1293,2508 1437,2489 1549,2496 1848,2502 2079,2498 2102,2489"/>
                <Baseline points="644,2479 2104,2479"/>
                <TextEquiv>
                    <Unicode>dem Christof Rappen Burger vnd Apodeckher</Unicode>
                </TextEquiv>
            </TextLine>
            <TextLine id="tl_1743411953" custom="readingOrder {index:15;}">
                <Coords points="2078,2525 2072,2512 2053,2506 1841,2493 1436,2493 1374,2499 1289,2519 1233,2519 1037,2497 967,2496 713,2526 656,2545 650,2554 652,2583 662,2593 713,2601 809,2598 876,2587 956,2583 1033,2587 1174,2607 1272,2615 1446,2606 1602,2604 1850,2616 2041,2616 2064,2613 2076,2605"/>
                <Baseline points="650,2583 2078,2583"/>
                <TextEquiv>
                    <Unicode>alhie die Ainhundert funfftzig gulden Rh.</Unicode>
                </TextEquiv>
            </TextLine>
            <TextLine id="tl_1743411934" custom="readingOrder {index:16;}">
                <Coords points="636,2644 637,2690 650,2699 759,2711 905,2719 1159,2721 1407,2706 1604,2712 1735,2723 1960,2724 2007,2717 2020,2709 2024,2696 2022,2645 2002,2635 1907,2625 1572,2605 1457,2605 1308,2622 1198,2622 1107,2614 1015,2599 905,2594 855,2600 780,2617 643,2630"/>
                <Baseline points="636,2690 2024,2690"/>
                <TextEquiv>
                    <Unicode>so er Zum Pollnischen wösen den ersten tag</Unicode>
                </TextEquiv>
            </TextLine>
            <TextLine id="tl_1743411930" custom="readingOrder {index:17;}">
                <Coords points="608,2770 611,2795 622,2806 664,2819 707,2824 1063,2824 1358,2808 1579,2810 1723,2822 2042,2819 2060,2814 2064,2753 2061,2730 2054,2722 2039,2717 1838,2725 1719,2721 1622,2711 1412,2705 681,2708 619,2722 612,2731 616,2738"/>
                <Baseline points="608,2792 2064,2792"/>
                <TextEquiv>
                    <Unicode>Iunii Verschines Sechsvndsibentzigisten Iars</Unicode>
                </TextEquiv>
            </TextLine>
            <TextLine id="tl_1743411952" custom="readingOrder {index:18;}">
                <Coords points="613,2808 2047,2808 2047,2965 613,2965"/>
                <Baseline points="613,2925 2047,2925"/>
                <TextEquiv>
                    <Unicode>Gemainer stadt wienn auf Zway Iarlang</Unicode>
                </TextEquiv>
            </TextLine>
            <TextLine id="tl_1743411919" custom="readingOrder {index:19;}">
                <Coords points="791,3263 796,3300 817,3324 825,3344 827,3510 838,3524 854,3529 968,3532 1007,3524 1056,3502 1075,3484 1103,3472 1116,3447 1146,3431 1153,3410 1201,3384 1247,3375 1289,3383 1302,3378 1315,3353 1329,3339 1413,3340 1486,3330 1573,3328 1619,3334 1650,3344 1695,3346 1729,3343 1756,3333 1815,3325 1848,3313 1896,3307 1905,3302 1912,3284 1912,3196 1898,3179 1856,3165 1589,3165 1517,3160 1478,3146 1440,3122 1426,3098 1396,3073 1388,3045 1378,3036 1333,3017 1259,3017 1196,3037 1088,3086 958,3130 837,3188 823,3215 799,3239"/>
                <Baseline points="791,3401 1912,3401"/>
                <TextEquiv>
                    <Unicode>Latus f. 200 s - d -</Unicode>
                </TextEquiv>
            </TextLine>
            <TextEquiv>
                <Unicode>so er den ersten tag Iulii verschines Sechsvndsibentzigisten Iars Zum Pollnischen wösenauf Zway Iarlang ohn Innteresse dargelichen Laudt Obligation Vnd Quittung hiebey Idest f 100. s - d -Eodem Zalt ich gedachtem herrn Khrebsen merAinhundert gulden Reinisch die er den NeünvndZwaintzigisten tag Ianuarii Anno etc.fünfvnd sibentzigisten Zu richtig machungder dreissig Tausent gulden so der Römb.Khays. Meyest. etc die miettigist dargelichenVnd gemainer stadt wienn gegen fünf PerCento füer geströckht Vt quittung Idest f 100. s - d -Den Achtvnd Zwaintzigisten Maii Zalt ichdem Cristof Rappen Burger vnd Apodeckheralhie die Ainhundert funfftzig gulden Reb:so er Zum Pollnischen wösen den ersten tagIunii Verschines Sechs vnd sibentzigisten IarsGemainerstadt wienn auf Zway IarlangLatus f. 200 s - d -</Unicode>
            </TextEquiv>
        </TextRegion>
        <TextRegion id="region_253754135" custom="readingOrder {index:1;}">
            <Coords points="2688,0 5375,0 5375,4135 2688,4135"/>
            <TextLine id="tl_1743411943" custom="readingOrder {index:0;}">
                <Coords points="3105,585 3110,647 3115,656 3112,663 3120,673 3144,678 3574,670 3734,673 4007,670 4242,680 4470,678 4472,610 4468,602 4453,597 4200,582 3958,555 3674,542 3246,543 3145,555 3118,566"/>
                <Baseline points="3105,644 4472,644"/>
                <TextEquiv>
                    <Unicode>Ohn Interesse dargelichen Laudt Obligation</Unicode>
                </TextEquiv>
            </TextLine>
            <TextLine id="tl_1743411938" custom="readingOrder {index:1;}">
                <Coords points="3099,708 3105,743 3125,759 3286,797 3799,805 4378,837 4644,862 5093,861 5150,840 5161,823 5163,727 5147,712 5059,696 4846,685 3788,664 3132,667 3109,675 3102,682"/>
                <Baseline points="3099,811 5163,811"/>
                <TextEquiv>
                    <Unicode>Vnd quittung hiebei Idest f 150 s - d -</Unicode>
                </TextEquiv>
            </TextLine>
            <TextLine id="tl_1743411928" custom="readingOrder {index:2;}">
                <Coords points="4603,977 4599,957 4584,948 4412,940 4342,925 4317,910 4256,898 4191,902 4165,913 4093,927 3930,922 3873,928 3779,952 3723,958 3617,952 3446,924 3408,925 3331,935 3292,946 3147,964 3112,978 3101,988 3097,1037 3106,1056 3120,1065 3264,1044 3502,1043 3565,1047 3614,1058 3651,1073 3710,1077 3769,1073 3872,1054 3994,1050 4438,1080 4566,1067 4598,1059 4603,1039"/>
                <Baseline points="3097,1033 4603,1033"/>
                <TextEquiv>
                    <Unicode>Den Lessten tag diß Monnats Maii Zalt</Unicode>
                </TextEquiv>
            </TextLine>
            <TextLine id="tl_1743411924" custom="readingOrder {index:3;}">
                <Coords points="3161,1110 3167,1148 3183,1154 3213,1156 3443,1149 3495,1152 3577,1168 3627,1170 3725,1159 3783,1159 3908,1174 3981,1168 4119,1172 4266,1166 4395,1177 4532,1176 4536,1167 4536,1109 4531,1101 4520,1097 4460,1096 4420,1104 4361,1104 4171,1066 4033,1057 3870,1058 3815,1068 3775,1081 3675,1084 3519,1079 3428,1071 3405,1063 3336,1056 3239,1055 3193,1063 3171,1078"/>
                <Baseline points="3161,1145 4536,1145"/>
                <TextEquiv>
                    <Unicode>ich Abermalln dem Cristof hüernner In</Unicode>
                </TextEquiv>
            </TextLine>
            <TextLine id="tl_1743411948" custom="readingOrder {index:4;}">
                <Coords points="3162,1216 3164,1256 3179,1264 3371,1280 3523,1274 3611,1286 3664,1288 3842,1286 3908,1280 4179,1285 4478,1277 4495,1272 4500,1258 4500,1217 4494,1207 4371,1185 4325,1167 4258,1160 4098,1164 3983,1161 3922,1166 3902,1173 3862,1178 3792,1167 3743,1165 3707,1167 3609,1184 3526,1163 3421,1158 3230,1173 3177,1181 3164,1190"/>
                <Baseline points="3162,1254 4500,1254"/>
                <TextEquiv>
                    <Unicode>Abschlag seiner Fünfhundert gulden die</Unicode>
                </TextEquiv>
            </TextLine>
            <TextLine id="tl_1743411927" custom="readingOrder {index:5;}">
                <Coords points="4517,1325 4510,1312 4446,1303 4207,1283 3947,1276 3812,1285 3717,1302 3660,1302 3509,1286 3183,1292 3163,1302 3161,1351 3171,1363 3184,1367 3374,1392 3508,1391 3531,1392 3542,1398 3646,1403 3780,1403 3823,1398 3899,1377 3965,1376 4024,1382 4107,1400 4207,1403 4263,1395 4418,1396 4500,1392 4515,1382"/>
                <Baseline points="3161,1369 4517,1369"/>
                <TextEquiv>
                    <Unicode>er bey gemainer stadt wienn Ligent hat</Unicode>
                </TextEquiv>
            </TextLine>
            <TextLine id="tl_1743411937" custom="readingOrder {index:6;}">
                <Coords points="4568,1487 4567,1420 4560,1410 4546,1405 4430,1409 4292,1389 4165,1392 3941,1378 3878,1380 3787,1396 3592,1397 3502,1386 3326,1392 3178,1381 3161,1386 3156,1397 3157,1453 3175,1465 3329,1487 3478,1499 3797,1494 3868,1499 4052,1497 4251,1509 4369,1504 4545,1505 4562,1499"/>
                <Baseline points="3156,1474 4568,1474"/>
                <TextEquiv>
                    <Unicode>Vber die Zwayhundert Zwaintzig gulden Rh.</Unicode>
                </TextEquiv>
            </TextLine>
            <TextLine id="tl_1743411945" custom="readingOrder {index:7;}">
                <Coords points="3125,1491 3146,1517 3142,1523 3146,1559 3142,1573 3125,1579 3140,1582 3143,1587 3169,1590 3426,1585 4051,1591 4201,1603 4476,1603 4517,1597 4527,1587 4533,1557 4531,1537 4508,1527 4375,1513 4192,1508 4095,1494 3890,1496 3695,1488 3524,1490 3268,1477 3162,1477 3135,1482"/>
                <Baseline points="3125,1570 4533,1570"/>
                <TextEquiv>
                    <Unicode>so er Zuuor In Abschlag empfangen Noch</Unicode>
                </TextEquiv>
            </TextLine>
            <TextLine id="tl_1743411932" custom="readingOrder {index:8;}">
                <Coords points="3089,1668 3150,1708 3244,1720 3330,1724 3401,1715 4067,1729 4712,1787 5038,1782 5060,1776 5088,1752 5132,1739 5142,1708 5141,1651 5125,1637 4670,1590 4429,1606 3448,1580 3196,1582 3145,1588 3118,1599 3097,1629 3106,1642"/>
                <Baseline points="3089,1733 5142,1733"/>
                <TextEquiv>
                    <Unicode>darauf Sechtzig Pfundt Phening Idest f. 60. s - d -</Unicode>
                </TextEquiv>
            </TextLine>
            <TextLine id="tl_1743411920" custom="readingOrder {index:9;}">
                <Coords points="3112,1983 3113,2090 3122,2101 3141,2106 3577,2121 3829,2119 3950,2128 4468,2129 4482,2127 4489,2120 4491,2109 4489,2064 4473,2054 4426,2044 4166,2011 4030,1984 3972,1977 3834,1977 3596,1996 3375,1987 3156,1969 3123,1971"/>
                <Baseline points="3112,2089 4491,2089"/>
                <TextEquiv>
                    <Unicode>Item den Sechsten tag Iunii Zalt ich dem Hiero</Unicode>
                </TextEquiv>
            </TextLine>
            <TextLine id="tl_1743411942" custom="readingOrder {index:10;}">
                <Coords points="3143,2142 3145,2172 3172,2183 3394,2187 3589,2211 3682,2210 3773,2201 4036,2211 4446,2210 4465,2205 4470,2190 4468,2162 4443,2155 4259,2137 3970,2130 3880,2114 3531,2113 3417,2107 3341,2108 3165,2122 3150,2127"/>
                <Baseline points="3143,2185 4470,2185"/>
                <TextEquiv>
                    <Unicode>minus Khünig Procurator alhie als weil</Unicode>
                </TextEquiv>
            </TextLine>
            <TextLine id="tl_1743411947" custom="readingOrder {index:11;}">
                <Coords points="3148,2229 3150,2258 3168,2267 3202,2273 3398,2271 3574,2290 3796,2292 3983,2286 4180,2297 4291,2298 4451,2294 4468,2289 4471,2282 4471,2244 4464,2236 4268,2218 3878,2210 3794,2203 3586,2208 3408,2191 3360,2190 3191,2208 3157,2216"/>
                <Baseline points="3148,2271 4471,2271"/>
                <TextEquiv>
                    <Unicode>lent Christof Lohers gewösten Burgers vnd</Unicode>
                </TextEquiv>
            </TextLine>
            <TextLine id="tl_1743411935" custom="readingOrder {index:12;}">
                <Coords points="3148,2321 3149,2350 3168,2361 3272,2355 3418,2357 3552,2379 4507,2378 4538,2375 4537,2335 4504,2321 4487,2316 4007,2292 3896,2292 3802,2300 3707,2293 3561,2292 3431,2280 3360,2280 3221,2295 3156,2309"/>
                <Baseline points="3148,2352 4510,2352"/>
                <TextEquiv>
                    <Unicode>schuesters alhie selligen hüntterlassnen erben</Unicode>
                </TextEquiv>
            </TextLine>
            <TextLine id="tl_1743411949" custom="readingOrder {index:13;}">
                <Coords points="3135,2446 3146,2454 3357,2456 3455,2475 3496,2477 3607,2462 3678,2471 3757,2468 3842,2475 4024,2472 4190,2480 4300,2480 4493,2472 4510,2467 4527,2462 4526,2421 4496,2408 4392,2396 4106,2383 3987,2383 3797,2396 3654,2387 3498,2386 3390,2374 3262,2376 3199,2372 3145,2379 3136,2392"/>
                <Baseline points="3135,2453 4515,2453"/>
                <TextEquiv>
                    <Unicode>volmechtiger Gwalttrager die Zwayhundert</Unicode>
                </TextEquiv>
            </TextLine>
            <TextLine id="tl_1743411922" custom="readingOrder {index:14;}">
                <Coords points="3125,2514 3126,2546 3138,2560 3182,2566 3463,2566 3604,2560 3976,2574 4304,2597 4486,2596 4498,2591 4502,2582 4501,2499 4490,2492 4467,2489 4179,2484 4071,2478 3684,2480 3599,2468 3548,2468 3494,2479 3444,2479 3356,2467 3276,2466 3184,2473 3160,2486 3137,2491"/>
                <Baseline points="3125,2562 4502,2562"/>
                <TextEquiv>
                    <Unicode>funfftzig gulden Reinisch so gedachts Lohers</Unicode>
                </TextEquiv>
            </TextLine>
            <TextLine id="tl_1743411954" custom="readingOrder {index:15;}">
                <Coords points="3131,2615 3132,2651 3138,2657 3332,2674 3450,2660 3519,2657 3683,2671 4031,2671 4198,2679 4340,2679 4373,2673 4382,2665 4385,2648 4377,2641 4381,2636 4377,2627 4357,2621 4333,2606 4280,2595 4146,2583 3907,2579 3558,2566 3154,2598 3135,2604"/>
                <Baseline points="3131,2650 4385,2650"/>
                <TextEquiv>
                    <Unicode>gelassnen guets Verornnde Curatorn</Unicode>
                </TextEquiv>
            </TextLine>
            <TextLine id="tl_1743411950" custom="readingOrder {index:16;}">
                <Coords points="3123,2694 3123,2743 3132,2753 3340,2762 3456,2783 3551,2783 3670,2765 3719,2763 3924,2783 4308,2784 4435,2775 4450,2770 4454,2762 4452,2694 4439,2683 4382,2679 4344,2691 4295,2693 4148,2675 4061,2670 3667,2683 3581,2667 3526,2665 3352,2685 3143,2679 3127,2685"/>
                <Baseline points="3123,2752 4454,2752"/>
                <TextEquiv>
                    <Unicode>Seruatzi Khotmüllner Vnnd Hannß</Unicode>
                </TextEquiv>
            </TextLine>
            <TextLine id="tl_1743411936" custom="readingOrder {index:17;}">
                <Coords points="3108,2807 3109,2863 3117,2876 3129,2881 3177,2879 3221,2868 3264,2864 3369,2862 3428,2868 3488,2884 3558,2887 3694,2871 3956,2882 4061,2879 4182,2888 4268,2889 4389,2881 4405,2875 4424,2869 4423,2808 4389,2800 4351,2797 4179,2800 4044,2790 3905,2788 3828,2783 3745,2769 3682,2769 3580,2777 3459,2768 3301,2766 3155,2773 3113,2786"/>
                <Baseline points="3108,2856 4409,2856"/>
                <TextEquiv>
                    <Unicode>Paltis Beede Burger alhie den Lessten</Unicode>
                </TextEquiv>
            </TextLine>
            <TextLine id="tl_1743411933" custom="readingOrder {index:18;}">
                <Coords points="3125,2904 3125,2946 3133,2957 3181,2968 3239,2973 3311,2974 3501,2963 3788,2975 4010,2972 4279,2987 4495,2992 4509,2990 4516,2971 4513,2908 4503,2900 4444,2890 4073,2879 3685,2877 3540,2892 3417,2872 3322,2871 3149,2890 3129,2896"/>
                <Baseline points="3125,2961 4516,2961"/>
                <TextEquiv>
                    <Unicode>tag Septembris Verschines Achtvndsibent</Unicode>
                </TextEquiv>
            </TextLine>
            <TextLine id="tl_1743411925" custom="readingOrder {index:19;}">
                <Coords points="3145,2969 4441,2969 4441,3114 3145,3114"/>
                <Baseline points="3145,3077 4441,3077"/>
                <TextEquiv>
                    <Unicode>Zigisten Iars auß gedachter Irer Curatorey</Unicode>
                </TextEquiv>
            </TextLine>
            <TextLine id="tl_1743411918" custom="readingOrder {index:20;}">
                <Coords points="3021,3604 3025,3620 3043,3626 3190,3626 3235,3611 3323,3571 3350,3549 3397,3527 3500,3489 3592,3490 3685,3519 3728,3527 3784,3524 3815,3507 3866,3492 4099,3484 4239,3446 4295,3418 4304,3410 4304,3358 4240,3333 3958,3329 3908,3317 3775,3316 3735,3308 3716,3298 3691,3269 3666,3253 3652,3191 3612,3147 3579,3140 3522,3143 3305,3217 3242,3255 3165,3284 3067,3337 3059,3380 3058,3510 3046,3544 3027,3568"/>
                <Baseline points="3021,3503 4304,3503"/>
                <TextEquiv>
                    <Unicode>Latus f 210 s - d -</Unicode>
                </TextEquiv>
            </TextLine>
            <TextEquiv>
                <Unicode>Ohn Interesse dargelichen Laudt ObligationVnd quittung hiebei Idest f 150 s - d -Den Lessten tag diß Monnats Maii Zaltich Abermalln dem Cristof hüernner InAbschlag seiner Fünfhundert gulden dieer bey gemainer stadt Wienn Ligent hatVber die Zwayhundert Zwaintzig gulden Reb:so er Zuuor In Abschlag emphangen Nochdarauf Sechtzig Pfundt Phening Idest f. 60. s - d -Item den Sechsten tag Iunii Zalt ich dem Hierominus Khünig Procurator alhie als weillent Christof Lohers gewösten Burgers vndschuesters alhie selligen hüntterlassnen erbenvolmechtiger Gwalttrager die Zwayhundertfunfftzig gulden Reinisch so gedachts Lohersgelassenen guets Verornnde CuratornSeruatzi Khotmüllner Vnnd HannßPaltis Beede Burger alhie den Lesstentag Septembris Verschines AchtvndsibentZigisten Iars auß gedachter Irer CuratoreyLatus f 210 s - d -</Unicode>
            </TextEquiv>
        </TextRegion>
    </Page>
</PcGts>
