5357 4162
622 504 1913 643 Iärlicher Zünsung dargelichen vermüg ainer
640 624 1879 735 Obligation vnd seiner quittung hiebei
699 644 2549 821 Idest f 1000. s - d -
636 931 2001 1102 Item den Ersten tag Iullii Zalt ich herrn
644 1072 2021 1182 Iobst Chrayen Burger vnnd hanndlßman alhie
630 1159 1982 1284 die Zwayhundert gulden Reinisch so er den
666 1248 2053 1374 Neüntzehenden tag Iunii Zum Pollnischen wösen
648 1350 2026 1455 Gemainer stadt dargelichen Laudt Obligation
610 1414 2570 1591 vnd quittung hiebei Idest f 200. s - d -
629 1693 2007 1856 Den Anndern ditz Zalt ich abermalln frauen
669 1845 2045 1955 Anna Weillent Hannsen Springers Stadt
682 1947 2054 2058 schreiber Ambts verwalter alhie selligen ge
683 2041 2072 2159 lassner wittib In Abschlag der Zway Tausent
645 2144 2039 2261 dreyhundert gulden so sie Bey gemainer stadt
669 2248 2047 2355 vmb Acht Per Cennto Ligent hat Vber die Ain
661 2342 2009 2467 Tausent Pfundt Pfening so sie Zuuor den
653 2448 2049 2561 dritten Maii Negsthin dauon Empfangen
672 2537 2035 2653 noch darauf Ain Tausent gulden Reinisch
641 2616 2589 2792 Laudt quittung hiebei Idest f 1000 s - d -
638 2857 2108 3008 Den Achten ditz Zalt ich herrn Gregor Gasstgeb
666 2979 2049 3122 die dreyhundert gulden Reinisch so er den
644 3152 1904 3551 Latus f 2200 s - d -
3186 425 4556 592 ersten tag Iunii verschines Sechsvnd sibentzigisten
3158 578 4466 682 Iars auf ain Iarlang ohn Innteresse Zum
3183 671 4528 780 Pollnischen wösen dargelichen Laudt Obligation
3199 743 5150 904 vnd quittung hiebei Idest f 300. s - d -
3084 969 4588 1139 Den dreitzehenden tag Iullii Zalt ich den Bärtlmeen
3145 1119 4547 1216 Reichen Tänndler alhie in Abschlag der Zwayhun
3161 1206 4473 1297 dert dreyvnddreissig Pfundt Siben schilling
3157 1285 4541 1375 Neuntzehen Pfening so sein Eheleiblicher Brueder
3157 1360 4495 1469 Zacharias Reich so Lange Zeit Ausser Landts Bey
3156 1439 4525 1543 Gemainer stadt Ligent hat auf sein erlangten
3139 1535 4585 1629 Ratschlag hiebey dreyvnddreissig gulden Siben
3161 1621 4430 1742 schilling Neuntzehen Pfening Vt quittung
3186 1672 5121 1835 Idest f 33. s. 7. d 19.
3174 1989 4540 2136 Den Neüntzehenden ditz Zalt ich frauen Reg
3175 2111 4503 2234 ina des Erbarn Paulln Lünckhen Ft deß
3143 2217 4500 2320 Ertzherzog Ernnsten Zu Österreich hof Perl
3130 2304 4539 2413 hoffters ehelichen hausfrauen die Ainhun
3119 2402 4564 2513 des Funfftzehen Pfundt vier schilling Vier
3167 2498 4520 2608 vndzwaintzig Pfening so sie Bey gemainer
3155 2591 4516 2704 stadt vmb fünf Per Cennto Ligent gehabt
3141 2689 4513 2796 vnd Ir von weillent Michaeln Holtzman vnd
3144 2783 4484 2879 Chatarina seiner hausfrauen Beeder selligen
3140 2868 4472 2972 Iren lieben Elttern Erblichen Anersterben
3142 2957 4470 3096 Vnd den Neüntzehenden tag Iullii verschines
3157 3159 4442 3564 Latus f 333. s 7. d 19.
