5137 3962
589 284 2088 475 Cristoff Rueber Zu Püxendorff schuldtuerschreybung
683 439 1518 586 Per drey hundert Taller ./.
620 639 2180 839 Verweisung vor der Ro. Khay. Mtl. von wegen des Pruckh
667 767 1104 901 schlags darlehen ./.
563 952 2143 1124 Herrn Cristoffen haiden vnnd Catarina seiner hauß
642 1086 2073 1219 frauen Reuers vmb Sechs Vierttl Weingartten Zu
676 1182 1529 1317 Sandt Veit der dopler genandt
603 1311 2009 1488 Herrn Schaleuntzer vnnd der von Wienn Vertrag
567 1554 2096 1721 Ain Pürguerschreybung gegen Cgristoffen Teuffl Per
659 1665 2052 1829 Zwelff Tausent gulden Anno Ainvndsechtzigisten ./.
549 1878 2157 2046 Wexl Ambts Instruction Abschrifft Anno Sechtzigisten
546 2072 2184 2261 Mertten grossen schuldtbrieff Per Zwaintzig Taller Anno etc
666 2188 1243 2357 dreyvndsechtzigisten ./.
658 2425 2210 2574 Ain Supplication Merta Oberhauer Neün Phundt Sechs
651 2532 2113 2653 schilling Phening belangendt vnnd der schuldtbrief dar Inn
646 2611 2027 2790 Neüntzehenden Martii Anno fünfvndsechtzigisten ./.
2997 263 4483 423 Ain gwer Abtzug des herrn Prunners hauß im Tieffen
3038 411 4344 560 graben belangendt Anno fünfvndsechtzigisten ./.
2972 612 4434 774 Herr Cristoffen hayden Pürguerschreybung von wegen
3004 728 3726 879 Magister Seboldten Zesar
3027 902 4429 1064 Ain schult Zedtl von Moritzen Stanng Pindter Per Zehen
3048 1020 4187 1182 Phundt Phening Anno Ainvndfünftzigisten ./.
2983 1231 4355 1329 Ain Schuldt Zedtl von Merten Steirer Per drey
3037 1313 4435 1443 gulden vier schilling Phening Anno Ainvndsechtzig
3044 1439 3193 1509 isten ./.
3011 1563 4424 1699 Ain Schuldt Zetl von Leopoldten Pruckhner Zu Grin
3019 1692 4432 1803 tzig Per Siben Phundt Phening Anno Ainvndsech
3025 1808 3296 1885 tzigisten
2966 1899 4476 2046 Ain schuldtbrieff von Wolffen Iacob Rainer Zu Winckher
3026 2055 4442 2159 storff vmb fünfhundert Phundt Phening Anno Vier
3012 2119 4497 2257 vndsechtzigisten vnd des Caspar Colbeckhen Pürgbrief
3030 2256 3264 2321 darbey
2974 2397 4359 2542 Den Zwaintzigisten Martii Anno Sechsvndsechtzigisten
3038 2523 4430 2644 ist dem herrn Zieglschaffer auf ain Ratschlag hinaus
3008 2596 4313 2728 gegeben worden vnnd vermüg des schüessls
2981 2666 4446 2850 bekhanntnus hirbey mit disem Signo *
