5103 3992
614 343 1999 503 Item ain gantz Eisene gelt druhen mit Aylff Riglen
596 590 2085 764 Item Vier Wag Palckhen sambt drey Per Plechen Schalln ./.
594 793 1695 965 Ain Acht Phundtigs eingesetzt gewicht ./.
580 1004 1815 1179 Item Ain Zehen Phundtigs Steckh gewicht ./.
609 1175 1720 1356 Item Vier Phundigs eingesetzt gewicht ./.
601 1409 1721 1568 Item Zway dry Phundige Steckh gewicht
636 1588 1935 1751 Item Viervnndzwaintzig Phundige Steckh gewicht ./.
648 1805 1560 1975 Item Ain Phundt Steckh gewicht
609 2041 1898 2202 Item ain Messine Schnellwag an ain gewicht
626 2242 2203 2371 Item ain für schlach schloß mit Zwen Pogen ist ain Maister
672 2369 880 2477 stuckh ./.
629 2547 2095 2724 Item ain geschobms für schlach schloß mit ain geschemen
667 2681 881 2768 schlüßl
642 2788 1999 2993 Item Zway Prenn Eysen mit der Statt Wappen
3008 306 4402 453 Item Ain groß Prenn Eysen mit der Iar Zall Ain Tau
3023 409 4178 609 sent fünfhundert Zway vnd fünftzigisten
2884 1152 4056 1698 Summa des Inuentarii
3066 1574 4254 1855 Ø 98. γ 6. s. 11 ¼. d.
