5122 3963
830 301 1977 426 dise nachuolgunden stuckh sein aus dem
850 412 1958 492 Glückhhafen gewunnen worden aber nie
882 484 1777 604 mandts darumb herkhumen ./.
556 688 2007 845 Item Ain gulter ring mit Aim Rubinstain Per Neün
537 777 2543 942 gulden Idest f 9. s - d -
582 936 1943 1090 Disen Ring hat Hannß Gämperl von Augspurgkh
583 1053 1684 1190 gewunnen aber nit Entphangen ./.
548 1178 2079 1321 Item Ain gulder Ring mit Ain Sephier Corn Per sechs
545 1275 2535 1409 gulden Idest f. 6 " - " -
502 1413 2075 1602 Hat Hannß Emer von Partuolt gewunnen hat in auch
642 1558 967 1679 nit ersuecht
564 1719 2044 1857 Item ain gulder Ring mit Ainer Rubin Lilgen Per
596 1783 2526 1951 vier gulden Idest f 4 " - " -
583 1952 2073 2128 Hat Iochim Kholl von Straßpurgkh gewunnen aber
641 2088 965 2150 nit ersuecht
541 2226 2026 2404 Ein guldes Ringl mit aim Sophier Staindl Par Zwen
620 2314 2547 2504 gulden Vier schilling Idest f - " - " -
593 2520 2060 2675 Hatt Georg Prandtstetter Hauer Zu Attackhrin gewu
612 2650 2145 2767 nnen ./. Vnnd ist hiruor fo: 102 in di Aintzig Ausgab
1318 2724 1745 2839 einkhumen etc
953 2810 1772 2981 Latus f 19. s - d -
3124 286 4279 457 Volgen hernach etliche stuckh Gemainer
3182 436 4278 535 Statt gehörig so zu beschluß diser meiner
3205 513 4246 639 Raittung noch mit Ambt verhannden ./.
2981 752 4342 916 Erstlichen Aylff Amalierter Statt Wappen vngefast
2993 944 4398 1124 Von disen obgemelten Ayff Statt Wappen sein in des
3063 1091 4365 1195 herrn Hannsen Vbermans verehrt GießPeckh
3078 1177 4313 1328 vnnd Khandl Zway dauon gebraucht worden ./.
3032 1384 4387 1567 Item Zwelff groß Zinnen schenckh kandlen vnd Acht
3088 1520 3328 1610 khleiner
3006 1669 4403 1876 Item ain grosser beschlagner Kheller mit Ayff Zinnen
3068 1820 3306 1917 flaschen
3049 1966 4350 2138 Item Ain miter Kheller mit Neün Zinnen flaschen
3025 2161 4385 2344 Item ain khlainer Kheller mit Siben Zinnen flaschen
3033 2379 4461 2537 Item ain grosser beschlagner Kheller darein die obbemel
3055 2501 4361 2617 ten flaschen allwan man will gebraucht werden
2998 2660 4257 2831 Item Ain grosser doplter Zinner Stendner
3043 2826 4448 3023 Item Zehen Messer Spritzen mit der Statt Wappen ./.
