5501 4152
1054 496 2261 674 mit Vertzinsung Acht gulden vom hun
1043 659 2262 790 dert Ligen hat vnnd sich Auff Zwen
1038 784 2249 903 vndtzwaintzigisten Apprillis geendet
1057 876 2787 1065 hat macht Laut Quittung f 400 s - d -
997 1079 2280 1253 Item Auff dato Ime bezallt Ein halben
1036 1237 2268 1350 Iar Zins von drey Tausent gulden Rh
1046 1334 2247 1460 so Er bey Gemainer Stat Ligundt hat
1040 1443 2828 1572 macht Laut Quittung f. 120 " - " -
997 1663 2217 1828 Den Neündten Maii Betzalt ich dem
1018 1812 2217 1941 Herrn Helmhardt Georgen Ro. Khay.
978 1926 2201 2044 Mtl. Regiments Rath der Nider Ö. Re
959 2038 2213 2154 gierung von den Zwelff hundert gulden
995 2139 2250 2259 Reinisch Ainhalben Iar Zins Zu den Vtten
999 2248 2157 2382 storfferin Stifft gehörig macht Laut
965 2350 2806 2485 Quittung f. 30 " - " -
939 2569 2158 2744 Item Auff dato Betzalt ich dem herrn
1005 2735 2240 2846 Valtin Pluembl vnnd Hannß Manderer
996 2833 2252 2957 Beedt Burger alhie Als waillandt Iacob
993 2936 2327 3071 Pauckhers seiligen verlaßnen vngeuockhten
973 3044 2236 3189 khindern furgesetzten Gerhaben den Zins
1009 3349 2075 3563 Latus f 550. s - d -
3506 509 4650 660 von Vier Tausendt gulden Reinisch so Sy
3523 653 4706 756 bey Gemainer Stat mit vertzinsung Acht
3492 747 4729 872 gulden Vom hundert Ligundt haben macht
3504 864 5255 989 vt Quittung f 320 s - d -
3486 1066 4678 1215 Item Zalt ich Inen auff dato den Zins
3517 1188 4703 1300 von Ain Tausent gulden Reinisch so Sy
3521 1280 4756 1396 bey Gemainer Stat mit vertzinsung Sechs
3491 1376 4764 1505 gulden vom hundert Ligundt haben Laut
3494 1484 5219 1586 Quittung f. 60 " - " -
3491 1680 4662 1833 Den Zwelfften Maii Betzalt ich herrn
3477 1804 4727 1931 Petter Paulliner ordens Zu der Neustat
3473 1905 4719 2040 Ir Iärlichen Zinsung so man Inen Zu Zway
3492 2011 4669 2135 vnderschiedtlichen Zeitten Im Iar Sunst
3519 2101 5224 2247 Zalt macht Laut Quittung f. 125 " - " -
3490 2320 4615 2488 Den dreytzehennden Dito dem herrn
3483 2460 4714 2583 Cristoff Entzianner Zalt ich Ain halben
3483 2565 4680 2694 Iar Zins von drey Tausent gulden
3477 2678 4743 2806 Reinisch so Er bey Gemainer Stat mit
3512 2786 4724 2904 vertzinsung Acht gulden vom hundert
3488 2900 5245 3034 Ligundt hat vt Quittung f. 120 " - " -
3614 3174 4652 3379 Latus f. 625 s - d -
