5491 4142
1021 494 2318 651 Andre Haßn Greißlers Hauß amb Graben
1030 627 2209 742 Ligundt gehabt vnnd Gemainer Statt
1038 732 2796 895 in hannden hat macht Laut Quittung f. 10 s - d -
987 950 2295 1066 Den dreyvndtzwaintzigisten Dito bezalt
1026 1033 2278 1167 ich dem Cristoff Wanckher Burger alhie
1009 1141 2263 1256 Ain haben Iar Zinß von Zway Tausent
990 1234 2202 1351 gulden Reinisch so Er den Zwelfften Ia
1002 1340 2209 1457 nnuarii verschines Sechsvndsechtzigisten
990 1436 2206 1562 Iar mit vertzinsungen Acht gulden vom
1002 1552 2232 1659 hundert dargelichen hat vnnd Auff Zwel
991 1639 2296 1771 fften Iannuarii dits Sybenvndsechtzigisten
982 1743 2796 1891 Iar verfallen ist vt Quittung f. 80. " - " -
927 1989 2221 2129 Den Sybentzehenden Dito Zuuor betzalt
935 2111 2244 2228 dem Hannsen Witmer vnnd Georgen
958 2199 2269 2326 Tailnkhäs an stat Sebastian Treibers
983 2310 2244 2428 seiligen Erben den Zins von Ain tausent
975 2413 2211 2525 gulden Reinisch so Auff vierdten decem
963 2512 2230 2631 bris des verschinen Sechsvndsechtzigisten
954 2618 2764 2763 Iar verfallen gewest ist vt Quittung f 50 " - " -
921 2789 2134 2934 Item Zalt ich Inen den Zinß von drey
960 2920 2185 3033 hundert gulden Reinisch Auff Sibenden
885 3008 2788 3159 dito verfallen macht Laut Quittung f. 15 " - " -
1023 3251 2130 3545 Latus f. 155. s - d -
3406 496 4659 635 Den Letzten tag Iannuarii Betzalt dem
3499 611 4677 706 herrn Sebastian Liechtl Beneficiaten
3499 703 4645 834 Zwen gulden den Rest dits Monat vt
3486 802 5262 936 Quittung f. 2. s - d -
3420 988 4758 1153 Item betzalt ich dem Cristoffero Tannschutz
3499 1122 4630 1242 Beneficiaten Zue Sandt Steffan sein
3500 1234 4650 1337 Monat gelt dits Monat Iannuarii
3486 1321 4738 1451 Nemblich vier gulden Reinisch Lautt ainer
3478 1429 5225 1543 Quittung f. 4 " - " -
3493 1601 4663 1761 den Viertzehennden Februarii Betzalt
3506 1727 4694 1848 ich Hannsen Wiser vnnd Georgen Pöch
3516 1831 4637 1950 baiden Burgern Zu Pertoltstorff Als
3504 1932 4642 2056 Lienhardten Khaun Pergers daselbst
3492 2033 4699 2162 seiligen Erben für Gesetzte Gerhaben
3469 2131 4753 2266 den Zins von dreyhundert gulden Reinisch
3509 2241 4684 2374 so Sy Anstat gedachter Erben den Zwen
3500 2347 4684 2471 vndtzwaintzigisten verschines Zwayvnd
3490 2446 4721 2582 sechtzigisten Iar vmb Fünff gulden vom
3492 2548 4743 2687 hundert dargelichen macht bis Auff Zwen
3500 2649 4695 2793 vndtzwaintzigisten Iunii verschines Sechs
3511 2762 4704 2898 vndsechtzigisten Iar vier Iar vnd iedes
3490 2866 4710 3003 Iar besonder Fünftzehen gulden Reinisch
3498 2968 5236 3101 macht Laut Quittung f. 60 " - " -
3519 3189 4578 3434 Latus f. 66. s - d -
