5506 4159
1012 553 2241 690 vndsechtzigisten Iar gegen vertzinsung
1024 679 2233 801 Syben gulden vom hundert dargelichen
1006 777 2786 932 hat macht vt Quittung f. 35 s - d -
992 992 2238 1143 Den dreytzehenden Martii betzalt ich
990 1126 2212 1243 dem Wolffgangen Retzer vnnd Seba
1017 1232 2184 1348 stian Strait baiden Burgern Alhie
1017 1332 2164 1452 Als waillandt Lienhardten Otten
1014 1444 2262 1568 seiligen gelaßnen Dochter Catharina
1002 1549 2222 1671 genandt furgesetzte Gerhaben den
996 1656 2170 1792 Iar Zins von Zwelff hundert gulden
1002 1774 2232 1899 Reinisch so Sy Anstat Ir Phleg tochter
1009 1885 2286 2008 Gemainer Stat den Aylfften Februarii
1013 1986 2136 2119 verschines Fünffvndsechtzigisten Iar
1020 2107 2213 2220 mit Fünf gulden vom hundert darge
992 2205 2149 2326 lichen haben macht Laut Quittung
945 2325 2225 2455 des datum den Zwaintzigisten Febru
998 2434 2784 2601 arii Anno Sibenvndsechtzigisten f 60 " - " -
968 2676 2215 2822 Den dreytzehenden Dito Item betzalt
962 2801 2200 2929 ich dem Prouisor in der Rasenwurschen
924 2913 2136 3032 das Quottember gelt Reminiscere
985 3030 2783 3178 von wegen der Iarlichen gult thuet f. 13 " 4 " -
1164 3253 2126 3464 Latus f 108. s 4 d -
3445 520 4667 690 Den dreytzehenden Dito betzalt ich Ime
3457 678 4667 792 dem Prouisor von wegen der Polha
3501 774 5261 928 merischen Stipendiaten f. 5 s - d -
3473 1017 4758 1138 Den Viervndtzwaintzigisten Dito Betzalt
3506 1127 4741 1248 ich der Frauen Anna Waillandt Petter
3512 1238 4693 1345 Hallers seiligen gelaßne Wittib an
3518 1333 4666 1457 stat Ieres Suns Auch Petter Haller
3479 1437 4759 1568 genandt den Iar Zins von Ain Tausent
3473 1544 4656 1667 gulden Reinisch so Er bey Gemainer
3506 1656 4650 1769 Stat mit vertzinsung Siben gulden
3521 1743 4690 1892 vom hundert Ligundt hat macht vt
3492 1861 5241 1991 Quittung f. 70 " - " -
3440 2051 4621 2216 Item Auff dato betzalt dem Herrn
3520 2175 4660 2300 Sebastian Liechtl Gemainer Statt
3519 2281 4739 2398 Beneficiaten sein Monat gelt Martii
3510 2386 4695 2526 Laut Quittung des datum den Letzten
3476 2494 5259 2609 dito f 4 " - " -
3498 2680 4675 2838 Den Sechsvndtzwaintzigisten Martii
3499 2824 4665 2953 betzalt ich dem Edlen vnd Ehrnuesten
3509 2921 4693 3077 Wolffgangen Maichsner Ain Iar Zins
3515 3198 4657 3420 Latus f. 79. s - d -
