5512 4155
1056 558 2251 703 Den Ainvndtzwaintzigsten Maii hab
1077 685 2303 800 ich gleichfalls herrn Colman Fraun
1060 798 2341 925 berger Ober Vatter Zue Sandt Marxs
1057 898 2843 1076 vberantwurdt Laut Quittung f. 6. s 2 d -
1042 1165 2218 1290 Den Zwenvndtzwaintzigisten Ditto
1042 1262 2284 1401 Erlegt ich denen Schwestern Zu Sant
1033 1372 2225 1498 Iacob auff der Huln Ir Quottember
999 1477 2272 1610 gelt Phingsten verfallen macht Laut
1013 1599 2807 1719 Quittung f. 35. " 4 " 14
1036 1784 2236 1929 Disen tag betzalt ich denen Englha
1022 1905 2245 2038 rdtischen gebruedern Ir Quottember
994 2013 2824 2177 gelt Phingsten Laut Quittung f 37 " 4 " -
1002 2255 2192 2382 Den Viervndtzwaintzigisten Dito Be
1005 2366 2191 2490 tzalt dem herrn Magistro Christo
1001 2461 2204 2585 ffero Fuerer Prouisor in der Rosen
990 2573 2256 2701 wurschen von wegen Ier Iarlichen
972 2681 2188 2810 güldt ain Quartal Phingsten ver
973 2794 2807 2945 fallen Laut Quittung f. 13 " 4 " -
992 3148 2156 3531 Latus f. 92 s. 6. d 14
3457 530 4708 702 Item Zalt ich Ime von wegen der ge
3536 695 4707 800 stifften der Polhamerischen Stipendi
3525 794 4688 922 aten das Quottember gelt Phingsten
3528 889 5243 1029 verfallen f 5 s - d -
3483 1124 4764 1249 Den Achtvndtzwaintzigisten Maii betzalt
3455 1244 4689 1355 dem Cormaister Zue Sandt Steffan
3515 1346 4717 1465 des Quarttl Phingsten von der Matur
3523 1457 5308 1575 vt Quittung f. 7. " 2. " -
3485 1634 4659 1779 Den Letzten tag Maii betzalt ich der
3508 1756 4696 1889 Frauen Anna Khüngin Apodeckhe
3516 1863 4723 1995 rin die vertzinsung von Ain tausent
3495 1974 4695 2105 Taller ain halben Iar Zins macht
3505 2092 4734 2218 viertzig Taller vnnd dan von Ain tau
3490 2198 4782 2327 sent gulden Ain halben Iar Zins macht
3493 2315 4671 2441 Viertzig gulden thuet beiden Posten
3509 2412 5266 2559 Zusammen Laut Quittung f 85 " 2 " 20.
3487 2628 4660 2757 Den dritten Iunii betzalt dem herrn
3503 2739 4761 2865 Lorentzen Saurer Ro. Khay. Mtl. Rath
3519 2847 4718 2998 vnd Landtschreyber in Osterreich im
3449 3084 4663 3443 Latus f. 97. s 4 d 20
