5472 4155
930 482 2184 652 Item Herrn Sebastian Liechtl Benefi
1014 634 2198 756 ciaten Zue Sandt Steffan Betzalt ich
1011 752 2230 867 auff sein Vleisig bit vnd Ansinen dits
1004 856 2767 1012 sein Monat besoldung macht f 4 s - d -
958 1063 2195 1186 Den Zwaintzigisten Dito Betzalt denen
996 1178 2181 1302 Schwestern Zu Sandt Iacob Ir Quot
992 1280 2771 1419 ember gelt Reminiscere verfallen f. 35 " 4 " 14.
955 1449 2137 1598 Item betzalt denen Englhardtischen
990 1586 2185 1717 gebruedern Ir Quottember gelt Re
988 1703 2191 1833 miniscere von wegen der Iarlichen
971 1796 2765 1942 guldt Laut Quittung f. 37. " 4. " -
960 2058 2181 2187 Den Zwaintzigisten Dito Betzalt ich Vr
969 2171 2180 2286 ban Zallner Burger vnd handlsman
950 2272 2179 2398 dem Iar Zinß von Fünftzehenhundert
958 2384 2178 2493 gulden Reinisch so Er Auff dreytzehenden
951 2482 2233 2601 Februarii Anno Sechsvndsechtzigisten Iar
953 2592 2132 2709 dargelichen hat mit Acht gulden vom
981 2696 2141 2819 hundert vertzinsungen macht Lautt
955 2791 2745 2917 Quittung f. 120 " - " -
948 2981 2207 3138 Den Ainvndtzwaintzigisten Dito Betzalt
1066 3309 2087 3524 Latus f 197 s - d 14
3475 458 4627 595 ich denen Leuitten Zue Sandt Steffan
3471 587 4650 714 Ir Quottember gelt Reminiscere vtt
3460 680 5243 812 Quittung f. 19. s 7. d 27.
3458 889 4599 1037 Den Andern tag Martii betzalt dem
3471 1014 4577 1131 Cormaister Zue Sandt Steffan das
3478 1123 4635 1223 Quottember gelt Reminiscere von
3491 1203 5266 1340 wegen der Matur vt Quittung f. 7. " 2 " -
3468 1383 4670 1518 Den drytten Martii Zalt dem Cristoff
3455 1501 4729 1619 Tauschütz Cor Caplan vnnd Beneficiaten
3482 1607 4660 1728 Zum Rotten Creutz sein Monatgelt
3481 1703 5217 1852 Februarii vt Quittung f. 4 " - " -
3474 1888 4627 2034 Den Aylfften Martii betzalt ich des
3477 2005 4702 2138 Hannß Petter otten seiligen Suns Iacob
3498 2114 4658 2235 genandt fur gesetzten Gerhaben Ain
3476 2218 4668 2351 Iar Zins von dreyhundert gulden Re
3480 2317 5253 2443 inisch vt Quittung f. 15 " - " -
3461 2484 4690 2631 Den Zwelfften Dito betzalt ich der Frau
3479 2597 4652 2736 en Catharina Saxin das Interesse
3503 2706 4685 2833 von Fünfhundert gulden Reinisch so Sy
3514 2814 4722 2967 Auff vierdten Martii verschines Sechs
3558 3098 4684 3359 Latus f 46 s 1 d 27
