5465 4171
1012 583 2217 736 von Zwelff Tausent gulden Reinisch
1004 729 2176 842 so Er bey Gemainer Stat mit ver
976 839 2240 957 tzinsungen Acht gulden vom hundert
996 938 2790 1108 Ligundt gehabt hat Laut Quittung f 960 s - d -
918 1124 2185 1287 den Letzten tag Martii dem Cristo
967 1271 2203 1396 phero Tanschützen Beneficiaten Zum
977 1378 2171 1513 Rotten Khreutz sein Monat gelt
995 1492 2793 1639 Martii betzalt vt Quittung f. 4. " - " -
985 1728 2204 1877 Den Sybenden Apprillis Betzalt ich
954 1862 2172 1981 dem herrn Wolffgangen Haller
993 1971 2252 2095 Burger vnnd der Mauth Zum Rotten
996 2085 2216 2207 thurn bestandt Inhaber die vertzin
975 2199 2185 2331 sung von Zway Tausent Taller so
985 2310 2182 2429 Er Zue Gemainer Statt mit vertz
969 2419 2163 2541 insung Acht gulden Vom hundert
949 2533 2160 2649 dargelichen hat vnnd Auff drey vnd
984 2629 2178 2756 tzwaintzigisten Martii verschinen
988 2743 2206 2858 verfallen ist macht Ainhundert vnd
991 2857 2148 2990 Sechtzig Taller Zue Achtvndsechtzig
1019 2961 2766 3125 khreutzer thuet Reinisch f. 181. " 2 " 20
1009 3202 2144 3571 Latus f 1145. s 2 d 20
3420 442 4689 651 Item Auff dato Zalt dem herrn Doctor
3485 632 4683 753 Steffan Schwartzen Ain Iar Zins von
3496 722 4704 855 drey tausent gulden Reinisch so Er bey
3491 837 4638 961 Gemainer Stat mit vertzinsungen
3488 947 4601 1077 Acht gulden vom hundert Ligundt
3491 1036 5210 1195 hat macht Laut Quittung f. 240 s - d -
3445 1231 4728 1384 Item Auff dato betzalt ich dem Herrn
3489 1366 4651 1504 Frantzen Igls hauer dem Iungern
3502 1466 4721 1590 Ain halben Iar Zins von Ain Tausent
3477 1574 4659 1701 gulden Reinisch so Er bey Gemainer
3498 1684 4640 1804 Statt mit vertzinsung Acht gulden
3513 1784 4665 1909 vom hundert Ligundt hat vnnd Auff
3495 1898 4667 2027 Zwaintzigsten Martii verfallen ge
3497 1998 5259 2149 west ist vt Quittung f. 40. s - d -
3458 2233 4643 2398 Den Zwaintzigisten Apprillis dem Hn
3506 2359 4652 2481 Sebastian Liechtl Beneficiaten sein
3503 2452 5229 2607 Monat gelt geben vt Quittung f. 4 " - " -
3489 2666 4673 2802 Den Funfvndtzwaintzigisten Dito dem
3504 2781 4684 2907 herrn Cristoffero Tenschütz Caplan
3500 2873 5319 3030 sein Monat gelt betzalt vt Quittung f. 4 " - " -
3521 3180 4662 3403 Latus f. 288. s - d -
