<?xml version="1.0" encoding="UTF-8" standalone="yes"?>
<PcGts xmlns="http://schema.primaresearch.org/PAGE/gts/pagecontent/2013-07-15">
    <Metadata>
        <Creator>prov=READ-COOP:name=PyLaia@TranskribusPlatform:version=2.24.0:model_id=306733:lm=provided:date=24_03_2025_11:08</Creator>
        <Created>2025-03-20T12:45:55.417+01:00</Created>
        <LastChange>2025-11-28T10:49:50.121+01:00</LastChange>
        <TranskribusMetadata docId="7528875" pageId="93724855" pageNr="174" status="GT" userId="261754" imgUrl="https://files.transkribus.eu/Get?fileType=view&amp;id=PJMFTDVCQGXDPVJSBLUUFVOV" imageId="78382460"/>
    </Metadata>
    <Page imageFilename="93724855.tif" imageWidth="5497" imageHeight="4153">
        <TextRegion id="region_154974153" custom="readingOrder {index:0;}">
            <Coords points="0,0 2748,0 2748,4153 0,4153"/>
            <TextLine id="tl_1742473488" custom="readingOrder {index:0;}">
                <Coords points="1030,619 1032,669 1047,677 1230,690 1406,688 1454,693 1534,709 1623,709 1670,700 1714,698 1796,709 1919,710 2050,694 2247,706 2260,701 2266,687 2265,604 2262,599 2249,595 2111,593 1931,606 1799,585 1631,566 1576,567 1488,583 1445,579 1366,554 1270,539 1095,539 1040,554 1035,567"/>
                <Baseline points="1030,665 2266,665"/>
                <TextEquiv>
                    <Unicode>Landt vnder der Ens Sechtzig gulden Rh</Unicode>
                </TextEquiv>
            </TextLine>
            <TextLine id="tl_1742473490" custom="readingOrder {index:1;}">
                <Coords points="1051,716 1051,772 1060,786 1100,792 1244,799 1325,818 1378,818 1416,806 1464,798 1613,814 1677,817 1848,800 1910,800 2077,813 2151,813 2252,805 2265,801 2272,793 2272,741 2267,734 2206,716 2125,707 2024,706 1986,710 1902,728 1861,731 1812,726 1729,706 1678,704 1549,717 1471,703 1386,695 1253,705 1162,696 1071,695 1055,701"/>
                <Baseline points="1051,785 2272,785"/>
                <TextEquiv>
                    <Unicode>Neben Frauen Barbara Cristoffen</Unicode>
                </TextEquiv>
            </TextLine>
            <TextLine id="tl_1742473487" custom="readingOrder {index:2;} unclear {offset:0;length:7;}">
                <Coords points="1056,817 1057,891 1075,901 1464,902 1616,925 1699,924 1762,909 1807,906 2017,918 2084,918 2265,906 2271,901 2269,822 2252,812 2216,809 2095,808 1990,816 1857,812 1743,837 1658,847 1596,844 1468,807 1419,807 1334,822 1302,813 1241,804 1110,799 1063,803"/>
                <Baseline points="1056,892 2271,892"/>
                <TextEquiv>
                    <Unicode>Poltenn seiligen gelaßne Wittib Als</Unicode>
                </TextEquiv>
            </TextLine>
            <TextLine id="tl_1742473458" custom="readingOrder {index:3;} unclear {offset:9;length:7;}">
                <Coords points="1051,929 1051,984 1059,994 1208,1000 1336,1018 1388,1018 1479,1010 1523,1017 1575,1019 1700,1006 1752,1006 1934,1016 2049,1030 2197,1031 2286,1027 2300,1023 2305,1016 2305,952 2300,943 2261,925 2241,921 2148,921 2065,935 1954,936 1831,919 1788,917 1734,921 1660,936 1611,936 1489,910 1373,906 1294,908 1217,916 1073,911 1057,915"/>
                <Baseline points="1051,999 2305,999"/>
                <TextEquiv>
                    <Unicode>bemeltes Poltenn seiligen verlaßnen</Unicode>
                </TextEquiv>
            </TextLine>
            <TextLine id="tl_1742473472" custom="readingOrder {index:4;}">
                <Coords points="1052,1022 1052,1105 1056,1112 1072,1117 1259,1116 1459,1139 1562,1138 1614,1126 1730,1115 1831,1115 2007,1129 2201,1129 2214,1124 2217,1117 2216,1063 2203,1056 2070,1051 1857,1031 1746,1011 1692,1011 1572,1028 1525,1028 1451,1018 1317,1024 1167,1007 1098,1003 1059,1008"/>
                <Baseline points="1052,1105 2217,1105"/>
                <TextEquiv>
                    <Unicode>khindern furgesetzte Gerhaben ist</Unicode>
                </TextEquiv>
            </TextLine>
            <TextLine id="tl_1742473476" custom="readingOrder {index:5;} textStyle {offset:11;length:6;strikethrough:true;}">
                <Coords points="2279,1140 2273,1135 2214,1128 2078,1129 1917,1140 1856,1140 1770,1129 1671,1125 1623,1129 1548,1145 1505,1148 1377,1129 1200,1133 1102,1130 1059,1133 1046,1138 1041,1146 1040,1184 1044,1207 1087,1216 1185,1226 1340,1225 1378,1229 1406,1240 1427,1243 1567,1243 1639,1231 1722,1229 2219,1239 2262,1237 2278,1230"/>
                <Baseline points="1040,1212 2279,1212"/>
                <TextEquiv>
                    <Unicode>Ain ganntz halben Iar Zins von Ain Tausent</Unicode>
                </TextEquiv>
            </TextLine>
            <TextLine id="tl_1742473484" custom="readingOrder {index:6;}">
                <Coords points="992,1273 992,1318 998,1329 1016,1335 1059,1338 1129,1336 1395,1347 1742,1346 1832,1343 1959,1330 2227,1335 2252,1332 2260,1323 2260,1273 2248,1263 2187,1253 1972,1240 1630,1234 1505,1245 1387,1231 1230,1233 1053,1229 1002,1244 995,1251"/>
                <Baseline points="992,1316 2260,1316"/>
                <TextEquiv>
                    <Unicode>gulden Reinisch so Sy bey Gemainer</Unicode>
                </TextEquiv>
            </TextLine>
            <TextLine id="tl_1742473478" custom="readingOrder {index:7;}">
                <Coords points="1031,1345 1033,1420 1050,1427 1096,1432 1339,1442 1464,1454 1611,1453 1810,1435 1874,1437 1982,1454 2214,1453 2225,1449 2230,1439 2228,1364 2171,1351 2037,1334 1942,1332 1825,1345 1777,1345 1698,1336 1476,1344 1357,1335 1068,1330 1039,1334"/>
                <Baseline points="1031,1423 2230,1423"/>
                <TextEquiv>
                    <Unicode>Statt mit vertzinsungen Sechs gulden</Unicode>
                </TextEquiv>
            </TextLine>
            <TextLine id="tl_1742473459" custom="readingOrder {index:8;}">
                <Coords points="1031,1459 1031,1514 1039,1523 1221,1542 1395,1547 1547,1560 2200,1562 2216,1560 2220,1551 2219,1461 2211,1454 2197,1451 2073,1455 1975,1465 1935,1463 1863,1448 1788,1443 1469,1444 1357,1439 1217,1439 1051,1443 1036,1448"/>
                <Baseline points="1031,1529 2220,1529"/>
                <TextEquiv>
                    <Unicode>vom hundert Ligundt haben macht</Unicode>
                </TextEquiv>
            </TextLine>
            <TextLine id="tl_1742473454" custom="readingOrder {index:9;}">
                <Coords points="2803,1548 2795,1538 2772,1534 2586,1533 2267,1544 2083,1563 1842,1566 1054,1545 1025,1554 1024,1634 1029,1647 1045,1657 1119,1672 1214,1677 2570,1677 2724,1664 2787,1642 2802,1625"/>
                <Baseline points="1024,1641 2803,1641"/>
                <TextEquiv>
                    <Unicode>Laut Quittung f. 60. s - d -</Unicode>
                </TextEquiv>
            </TextLine>
            <TextLine id="tl_1742473465" custom="readingOrder {index:10;}">
                <Coords points="1000,1803 1001,1862 1006,1871 1020,1875 1145,1891 1237,1899 1373,1903 1447,1914 1800,1909 1947,1914 2194,1912 2222,1907 2228,1901 2230,1774 2223,1764 2212,1761 1801,1766 1551,1755 1371,1752 1237,1764 1067,1773 1014,1787 1003,1794"/>
                <Baseline points="1000,1872 2230,1872"/>
                <TextEquiv>
                    <Unicode>Den Vierdten Iunii bezalt ich dem Hn</Unicode>
                </TextEquiv>
            </TextLine>
            <TextLine id="tl_1742473466" custom="readingOrder {index:11;}">
                <Coords points="1010,1902 1010,1971 1014,1984 1027,1991 1074,2000 1268,2003 1462,2000 1555,2015 1723,2006 1816,2019 2230,2017 2229,1929 2223,1915 2214,1906 2066,1901 1948,1911 1835,1905 1806,1907 1734,1922 1534,1928 1499,1926 1457,1917 1432,1906 1388,1901 1235,1903 1084,1892 1029,1892 1014,1896"/>
                <Baseline points="1010,1985 2230,1985"/>
                <TextEquiv>
                    <Unicode>Sebastian Wailler beisitzer des Khay</Unicode>
                </TextEquiv>
            </TextLine>
            <TextLine id="tl_1742473457" custom="readingOrder {index:12;}">
                <Coords points="995,2036 997,2102 1004,2108 1197,2128 1517,2136 1619,2125 1841,2127 1947,2138 2248,2138 2265,2132 2266,2051 2260,2043 2211,2031 2160,2026 2004,2019 1923,2024 1883,2031 1831,2031 1758,2012 1706,2009 1641,2016 1611,2026 1561,2026 1526,2015 1438,2004 1166,2004 1050,2009 1005,2021 998,2026"/>
                <Baseline points="995,2103 2266,2103"/>
                <TextEquiv>
                    <Unicode>serlichen Stat gerichts von Zway tau</Unicode>
                </TextEquiv>
            </TextLine>
            <TextLine id="tl_1742473492" custom="readingOrder {index:13;}">
                <Coords points="993,2138 993,2212 999,2220 1014,2225 1134,2226 1230,2235 1378,2228 1632,2240 1838,2232 1979,2243 2209,2240 2230,2232 2230,2163 2216,2152 2189,2148 2134,2148 2028,2158 1987,2156 1853,2134 1729,2127 1425,2142 1325,2123 1111,2116 1012,2120 998,2125"/>
                <Baseline points="993,2209 2230,2209"/>
                <TextEquiv>
                    <Unicode>sent gulden Reinisch die Vertzinsung</Unicode>
                </TextEquiv>
            </TextLine>
            <TextLine id="tl_1742473481" custom="readingOrder {index:14;}">
                <Coords points="991,2250 992,2323 1008,2331 1047,2335 1821,2350 1947,2347 2037,2353 2251,2352 2258,2347 2262,2332 2262,2257 2255,2249 2237,2246 2098,2245 1830,2253 1617,2239 1445,2242 1331,2232 1217,2234 1049,2227 1002,2236"/>
                <Baseline points="991,2320 2262,2320"/>
                <TextEquiv>
                    <Unicode>so Er nach bey Gemainer Stat Ligunt</Unicode>
                </TextEquiv>
            </TextLine>
            <TextLine id="tl_1742473474" custom="readingOrder {index:15;}">
                <Coords points="988,2356 989,2433 998,2440 1054,2445 1127,2437 1228,2435 1281,2439 1426,2460 1548,2453 1730,2451 1923,2466 2147,2466 2163,2464 2167,2454 2167,2381 2161,2372 2022,2356 1924,2354 1800,2363 1557,2340 1418,2334 1049,2336 1005,2341 995,2345"/>
                <Baseline points="988,2433 2167,2433"/>
                <TextEquiv>
                    <Unicode>hat mit Acht gulden vom hundert</Unicode>
                </TextEquiv>
            </TextLine>
            <TextLine id="tl_1742473452" custom="readingOrder {index:16;}">
                <Coords points="1013,2539 1019,2559 1041,2570 1107,2582 1236,2589 2305,2591 2473,2571 2630,2529 2732,2514 2803,2491 2808,2469 2797,2457 2733,2450 2265,2448 2085,2460 1859,2461 1182,2442 1102,2447 1020,2464 1013,2474"/>
                <Baseline points="1013,2553 2808,2553"/>
                <TextEquiv>
                    <Unicode>macht Laut Quittung f. 160 " - " -</Unicode>
                </TextEquiv>
            </TextLine>
            <TextLine id="tl_1742473471" custom="readingOrder {index:17;}">
                <Coords points="968,2764 976,2786 1028,2798 1121,2809 1223,2810 1325,2801 1372,2801 1434,2810 1464,2820 1508,2822 1644,2818 2087,2821 2183,2817 2200,2807 2204,2794 2203,2734 2195,2724 2064,2682 2012,2673 1934,2673 1789,2684 1654,2681 1524,2672 1259,2686 1033,2684 981,2690 969,2696"/>
                <Baseline points="968,2783 2204,2783"/>
                <TextEquiv>
                    <Unicode>Den Zwelfften Iunii betzalt ich dem</Unicode>
                </TextEquiv>
            </TextLine>
            <TextLine id="tl_1742473491" custom="readingOrder {index:18;}">
                <Coords points="2278,2808 2271,2802 2225,2798 1726,2804 1556,2812 1491,2812 1366,2803 1021,2806 982,2810 965,2818 961,2882 964,2899 972,2907 1027,2922 1261,2915 1375,2917 1556,2910 1689,2924 1887,2915 2062,2926 2257,2929 2275,2925 2280,2916"/>
                <Baseline points="961,2894 2280,2894"/>
                <TextEquiv>
                    <Unicode>Merth Leitges Burger vnd des Raths</Unicode>
                </TextEquiv>
            </TextLine>
            <TextLine id="tl_1742473469" custom="readingOrder {index:19;}">
                <Coords points="990,2908 2227,2908 2227,3056 990,3056"/>
                <Baseline points="990,3019 2227,3019"/>
                <TextEquiv>
                    <Unicode>Zu Hainburgkh Ain halben Iar Zins</Unicode>
                </TextEquiv>
            </TextLine>
            <TextLine id="tl_1742473473" custom="readingOrder {index:20;}">
                <Coords points="981,3328 986,3384 1022,3451 1066,3469 1135,3485 1200,3506 1284,3508 1369,3485 1479,3469 1624,3469 1720,3477 1849,3477 2044,3470 2065,3466 2102,3447 2111,3438 2113,3373 2100,3360 2083,3355 1904,3328 1823,3323 1735,3328 1646,3345 1605,3348 1554,3338 1514,3324 1468,3298 1427,3255 1420,3176 1403,3163 1370,3158 1260,3161 1110,3213 1026,3260 1018,3269 1010,3293 989,3308"/>
                <Baseline points="981,3419 2113,3419"/>
                <TextEquiv>
                    <Unicode>Latus f 220 s - d -</Unicode>
                </TextEquiv>
            </TextLine>
            <TextEquiv>
                <Unicode></Unicode>
            </TextEquiv>
        </TextRegion>
        <TextRegion id="region_254974153" custom="readingOrder {index:1;}">
            <Coords points="2749,0 5497,0 5497,4153 2749,4153"/>
            <TextLine id="tl_1742473479" custom="readingOrder {index:0;}">
                <Coords points="3526,567 3526,629 3529,635 3544,642 3713,644 3833,627 3887,625 3926,629 3996,649 4045,649 4113,637 4161,633 4250,634 4387,644 4456,638 4658,635 4681,630 4686,623 4686,554 4682,545 4638,528 4593,522 4538,524 4446,538 4278,532 4238,534 4134,549 4085,549 3882,523 3749,520 3662,530 3530,560"/>
                <Baseline points="3526,616 4686,616"/>
                <TextEquiv>
                    <Unicode>von Sandt Catharina Stifft daselbst</Unicode>
                </TextEquiv>
            </TextLine>
            <TextLine id="tl_1742473485" custom="readingOrder {index:1;}">
                <Coords points="3523,667 3525,728 3541,734 3591,740 3794,737 3909,750 4077,753 4228,740 4448,739 4612,749 4659,746 4666,743 4671,734 4671,676 4665,663 4623,653 4582,649 4498,647 4249,653 4107,650 4042,659 3993,659 3929,642 3866,640 3750,657 3549,656 3531,659"/>
                <Baseline points="3523,724 4671,724"/>
                <TextEquiv>
                    <Unicode>Negst verschinen Phingsten verfallen</Unicode>
                </TextEquiv>
            </TextLine>
            <TextLine id="tl_1742473467" custom="readingOrder {index:2;}">
                <Coords points="3520,768 3520,847 3525,861 3547,869 3612,875 4593,870 4741,873 4887,886 4990,886 5200,875 5257,862 5267,854 5271,801 5260,787 5221,779 5197,766 5134,748 5062,739 4585,743 3794,739 3598,747 3533,758"/>
                <Baseline points="3520,847 5271,847"/>
                <TextEquiv>
                    <Unicode>vt Quittung f. 8. s - d -</Unicode>
                </TextEquiv>
            </TextLine>
            <TextLine id="tl_1742473462" custom="readingOrder {index:3;}">
                <Coords points="3511,1022 3511,1067 3514,1074 3523,1079 3710,1097 3821,1096 3932,1081 4141,1073 4229,1076 4344,1073 4450,1081 4641,1082 4746,1070 4751,1061 4749,997 4696,980 4494,974 4356,965 4117,963 3975,968 3815,992 3756,997 3673,993 3588,995 3520,1010"/>
                <Baseline points="3511,1062 4751,1062"/>
                <TextEquiv>
                    <Unicode>Den Zwelfften Iunii Betzalt ich dem herrn</Unicode>
                </TextEquiv>
            </TextLine>
            <TextLine id="tl_1742473464" custom="readingOrder {index:4;}">
                <Coords points="4685,1120 4678,1115 4638,1107 4487,1088 4379,1081 4249,1085 4140,1080 3893,1083 3757,1094 3655,1094 3556,1087 3531,1089 3520,1095 3515,1105 3516,1169 3526,1180 3571,1189 3642,1189 3742,1196 3896,1188 4173,1185 4289,1190 4348,1197 4472,1197 4542,1182 4681,1174 4687,1169"/>
                <Baseline points="3515,1167 4687,1167"/>
                <TextEquiv>
                    <Unicode>Georgen Prandtstetter des Inndern</Unicode>
                </TextEquiv>
            </TextLine>
            <TextLine id="tl_1742473460" custom="readingOrder {index:5;}">
                <Coords points="3516,1227 3519,1289 3535,1297 3580,1301 3686,1298 3887,1301 4090,1287 4297,1288 4396,1300 4475,1301 4555,1292 4733,1286 4751,1281 4755,1269 4754,1231 4743,1221 4683,1206 4606,1199 4520,1200 4429,1211 4256,1205 4112,1205 4026,1219 3982,1219 3885,1199 3576,1195 3524,1204 3518,1213"/>
                <Baseline points="3516,1273 4755,1273"/>
                <TextEquiv>
                    <Unicode>Stat Raths vnd Burger alhie die ver</Unicode>
                </TextEquiv>
            </TextLine>
            <TextLine id="tl_1742473463" custom="readingOrder {index:6;}">
                <Coords points="4671,1337 4668,1329 4661,1325 4614,1316 4492,1303 4330,1296 4060,1297 3989,1306 3906,1327 3857,1327 3736,1309 3605,1310 3569,1307 3530,1311 3514,1318 3512,1396 3520,1408 3573,1415 3873,1401 3940,1417 4021,1418 4073,1412 4144,1397 4228,1392 4454,1395 4529,1388 4655,1386 4670,1379"/>
                <Baseline points="3512,1386 4671,1386"/>
                <TextEquiv>
                    <Unicode>tzinsung von Fünff Tausent gulden</Unicode>
                </TextEquiv>
            </TextLine>
            <TextLine id="tl_1742473486" custom="readingOrder {index:7;}">
                <Coords points="4696,1418 4691,1409 4586,1406 4120,1409 4053,1414 3997,1427 3945,1425 3906,1414 3865,1410 3559,1420 3504,1432 3502,1499 3513,1508 3561,1518 4060,1517 4259,1504 4382,1503 4516,1494 4678,1491 4691,1488 4696,1482"/>
                <Baseline points="3502,1490 4696,1490"/>
                <TextEquiv>
                    <Unicode>Reinisch so Er bey Gemainer Stat mit</Unicode>
                </TextEquiv>
            </TextLine>
            <TextLine id="tl_1742473470" custom="readingOrder {index:8;}">
                <Coords points="4686,1531 4681,1517 4659,1512 4405,1517 4190,1514 3780,1520 3523,1539 3511,1548 3511,1605 3522,1614 3584,1621 3909,1623 4041,1618 4163,1605 4245,1602 4627,1604 4665,1601 4684,1592"/>
                <Baseline points="3511,1593 4686,1593"/>
                <TextEquiv>
                    <Unicode>vertzinsung Acht gulden vom hundert</Unicode>
                </TextEquiv>
            </TextLine>
            <TextLine id="tl_1742473455" custom="readingOrder {index:9;}">
                <Coords points="5251,1670 5247,1660 5222,1653 5038,1639 4812,1605 4740,1601 4169,1608 3599,1630 3528,1643 3522,1653 3522,1741 3527,1748 4983,1743 5175,1731 5225,1722 5248,1708"/>
                <Baseline points="3522,1709 5251,1709"/>
                <TextEquiv>
                    <Unicode>Ligundt hat thuet Laut Quittung f. 400 " - " -</Unicode>
                </TextEquiv>
            </TextLine>
            <TextLine id="tl_1742473456" custom="readingOrder {index:10;}">
                <Coords points="4684,1870 4673,1852 4632,1830 4494,1823 4131,1830 4057,1842 4002,1859 3982,1870 3896,1886 3837,1884 3727,1859 3679,1854 3538,1857 3488,1869 3479,1877 3478,1954 3485,1964 3541,1973 3631,1973 3703,1983 3767,1983 3884,1963 3939,1964 4057,1979 4133,1977 4315,1962 4489,1963 4677,1941 4684,1934"/>
                <Baseline points="3478,1943 4684,1943"/>
                <TextEquiv>
                    <Unicode>Disen tag betzalt ich dem Petter Phaben</Unicode>
                </TextEquiv>
            </TextLine>
            <TextLine id="tl_1742473477" custom="readingOrder {index:11;}">
                <Coords points="4696,2012 4692,1993 4685,1987 4644,1974 4595,1969 4464,1973 4376,1965 4280,1966 4071,1994 4020,1992 3951,1976 3900,1971 3813,1976 3728,1991 3679,1987 3640,1979 3548,1974 3507,1979 3491,1985 3487,2002 3489,2066 3496,2072 3548,2083 3643,2079 3772,2084 3897,2069 4054,2080 4113,2074 4143,2065 4191,2059 4331,2060 4406,2054 4554,2055 4679,2045 4694,2039"/>
                <Baseline points="3487,2052 4696,2052"/>
                <TextEquiv>
                    <Unicode>schwantz Khirchmaister Zue vnnser</Unicode>
                </TextEquiv>
            </TextLine>
            <TextLine id="tl_1742473461" custom="readingOrder {index:12;}">
                <Coords points="4725,2073 4722,2064 4710,2058 4480,2060 4330,2069 4193,2069 4140,2074 4061,2090 4027,2092 3893,2081 3800,2090 3745,2090 3612,2079 3537,2079 3522,2084 3519,2089 3518,2176 3520,2184 3528,2188 3605,2189 3693,2184 3845,2185 3970,2171 4054,2180 4105,2179 4178,2161 4311,2153 4412,2155 4487,2166 4534,2164 4574,2155 4684,2150 4721,2144 4726,2138"/>
                <Baseline points="3518,2154 4726,2154"/>
                <TextEquiv>
                    <Unicode>Frauen auff der gestetten den Iar Zins</Unicode>
                </TextEquiv>
            </TextLine>
            <TextLine id="tl_1742473475" custom="readingOrder {index:13;}">
                <Coords points="4708,2206 4704,2189 4646,2175 4596,2169 4507,2168 4432,2161 4247,2165 4088,2186 4008,2178 3916,2177 3797,2190 3524,2209 3511,2217 3511,2269 3516,2277 3525,2281 3570,2288 3692,2288 3826,2275 3960,2285 4041,2271 4149,2265 4226,2267 4315,2275 4439,2275 4559,2261 4700,2252 4708,2243"/>
                <Baseline points="3511,2254 4708,2254"/>
                <TextEquiv>
                    <Unicode>von hundert gulden Reinisch so Gem</Unicode>
                </TextEquiv>
            </TextLine>
            <TextLine id="tl_1742473482" custom="readingOrder {index:14;}">
                <Coords points="4617,2279 4607,2271 4558,2270 4481,2275 4393,2275 4245,2286 4076,2281 3967,2295 3893,2284 3800,2284 3656,2305 3571,2309 3526,2316 3512,2326 3511,2376 3523,2384 3555,2387 3782,2388 3927,2383 4007,2390 4123,2379 4230,2374 4559,2370 4604,2357 4616,2349"/>
                <Baseline points="3511,2360 4617,2360"/>
                <TextEquiv>
                    <Unicode>ainer Stat in henden hat Auff</Unicode>
                </TextEquiv>
            </TextLine>
            <TextLine id="tl_1742473453" custom="readingOrder {index:15;}">
                <Coords points="5232,2437 5229,2430 5209,2424 5064,2411 4867,2382 4778,2374 4654,2372 4109,2393 3562,2404 3529,2413 3525,2466 3531,2499 3545,2514 3601,2524 4500,2525 4841,2510 5196,2484 5229,2472"/>
                <Baseline points="3525,2486 5232,2486"/>
                <TextEquiv>
                    <Unicode>Georgii verfallen vt Quittung f. 5 " - " -</Unicode>
                </TextEquiv>
            </TextLine>
            <TextLine id="tl_1742473483" custom="readingOrder {index:16;}">
                <Coords points="3483,2736 3492,2748 3524,2753 3813,2757 3896,2753 4142,2726 4245,2724 4290,2728 4366,2747 4417,2748 4684,2721 4693,2711 4693,2641 4687,2631 4674,2627 4589,2617 4538,2619 4415,2635 4367,2636 4280,2625 4202,2623 4112,2635 4065,2636 3974,2625 3935,2616 3890,2614 3860,2629 3837,2635 3816,2649 3773,2657 3569,2653 3534,2656 3499,2665 3486,2676 3485,2695 3490,2712 3483,2723"/>
                <Baseline points="3483,2719 4693,2719"/>
                <TextEquiv>
                    <Unicode>Den Viertzehenden Dito Betzalt ich Gr</Unicode>
                </TextEquiv>
            </TextLine>
            <TextLine id="tl_1742473480" custom="readingOrder {index:17;}">
                <Coords points="4676,2750 4671,2742 4657,2738 4605,2739 4484,2759 4431,2761 4269,2740 4172,2737 3571,2758 3532,2763 3493,2778 3486,2787 3483,2836 3491,2857 3500,2862 3605,2863 3784,2853 3980,2852 4217,2841 4271,2841 4340,2855 4387,2859 4658,2862 4672,2853 4676,2843"/>
                <Baseline points="3483,2830 4676,2830"/>
                <TextEquiv>
                    <Unicode>orgen Bechen vnnd Wolffgangen En</Unicode>
                </TextEquiv>
            </TextLine>
            <TextLine id="tl_1742473468" custom="readingOrder {index:18;} unclear {offset:8;length:3;}">
                <Coords points="4755,2865 4752,2850 4743,2843 4693,2838 4243,2842 3695,2858 3608,2868 3512,2887 3506,2906 3507,2969 3513,2979 3527,2984 3616,2990 4023,2989 4153,2981 4333,3005 4657,3005 4707,2993 4722,2968 4748,2948 4755,2929"/>
                <Baseline points="3506,2961 4755,2961"/>
                <TextEquiv>
                    <Unicode>tzinger Bet burgern Zue Petterstorff</Unicode>
                </TextEquiv>
            </TextLine>
            <TextLine id="tl_1742473489" custom="readingOrder {index:19;}">
                <Coords points="3484,3198 3484,3274 3492,3298 3512,3308 3540,3332 3721,3382 3962,3382 4610,3345 4650,3329 4663,3320 4666,3310 4666,3262 4656,3249 4566,3224 4519,3219 4359,3189 4304,3190 4175,3222 4093,3222 4044,3211 3997,3194 3984,3177 3953,3159 3947,3146 3941,3097 3934,3078 3912,3064 3885,3059 3755,3061 3704,3076 3688,3089 3660,3097 3639,3112 3578,3133 3558,3147 3528,3156 3518,3171 3493,3181"/>
                <Baseline points="3484,3299 4666,3299"/>
                <TextEquiv>
                    <Unicode>Latus f 413 s - d -</Unicode>
                </TextEquiv>
            </TextLine>
            <TextEquiv>
                <Unicode></Unicode>
            </TextEquiv>
        </TextRegion>
    </Page>
</PcGts>
