5466 4145
997 523 2226 694 Den Sechsvndtzwaintzigisten Apprillis
1030 670 2196 803 betzalt ich dem Sigmundt Lustaller
1005 789 2211 915 Ro. Khay. Mtl. Bauschreyber Zu Rab
960 893 2275 1031 die vertzinsung von Sibenhundert gulden
1013 1015 2272 1132 Reinisch So Er bey Gemainer Stat mit
1013 1138 2267 1249 vertzinsung Siben gulden vom hundert
1004 1241 2782 1398 Ligundt hat macht vt Quittung f 49. s - d -
989 1487 2277 1629 Den Sybenvndtzwaintzigisten Dito betzalt
987 1609 2250 1742 ich der Frauen Margaretha Maillin
988 1729 2183 1859 den Zins von Zwelff hundert gulden
1001 1838 2200 1966 Reinisch so Sy mit Sechs gulden vom
997 1958 2228 2082 hundert bey Gemainer Stat Ligundt
1006 2070 2793 2212 hat macht Laut Quittung f. 72 " - " -
971 2293 2218 2452 Den Ersten tag Maii betzalt ich dem
983 2431 2246 2552 Herrn Hannsen Eberstorffer Ain hal
983 2547 2235 2672 ben Iar Zins von drey Tausent gulden
978 2646 2259 2772 Reinisch so Er bey Gemainer Stat mit
978 2764 2261 2898 vertzinsung Sechs gulden Vom hundert
981 2888 2251 3008 Ligundt hat vnnd Auff viervndtzwain
989 3002 2259 3153 tzigisten Apprillis verfallen gewest ist
1040 3278 2144 3477 Latus f 121 s - d -
3481 450 5215 658 macht Laudt Quittung Reinisch f 90. s - d -
3438 749 4653 893 Den Anndern tag Maii Zalt ich dem Mel
3472 878 4647 987 chior Khleiber Superintendenten der
3492 982 4710 1089 Lilien Burschen Alhie Zu Wienn den Iar
3495 1068 4625 1197 Zins von Zwayhundert vnd Fünftzig
3466 1171 4720 1285 gulden Reinisch so Gemainer Stat auff
3445 1268 4718 1394 dem Iordanischen Hauß Amb Iuden Platz
3489 1370 5264 1494 Satzweis Ligundt hat vt Quittung f. 12. 4 " -
3461 1536 4664 1674 Item Auff dato betzalt dem herrn Vi
3508 1649 4687 1767 uiano Ambrosio von Ladron Benefici
3525 1743 4720 1866 aten in Sant Andreas Capeln in der Her
3494 1851 4702 1979 rn von Leichtenstain behausungen von
3419 1954 4690 2082 den dreyhundert vnnd Zwaintzig gulden
3497 2068 4658 2184 Reinisch So Gemainer Stat in hendig
3500 2164 4685 2297 haben Ain halben Iar Zins Geergii
3499 2260 5240 2428 verschinen verfallen vt Quittung f 8 " - " -
3466 2504 4654 2656 Den Sechsten Maii betzalt ich dem
3501 2626 4751 2754 herrn Gabriel Khreutzer Ain halben
3493 2731 4684 2865 Iar Zinß von Zehen Tausent gulden
3475 2843 4639 2988 Reinisch so Er bey Gemainer Statt
3571 3145 4644 3332 Latus f. 110 s 4 d -
