5486 4160
1072 516 2299 677 Als Waillandt Lienharden Khaunper
1045 653 2231 782 gers daselbst seiligen verlaßnen
1057 754 2277 893 Erben furgesetzten gerhaben den Zins
1063 874 2236 1004 von dreyhundert gulden Reinisch so
1067 987 2207 1111 Sy bey Gemainer Stat Auff ver
1045 1100 2236 1233 tzinsung Fünf gulden vom hundert
1054 1214 2251 1339 Ligundt haben vnnd sich Auff Zwen
1048 1332 2298 1462 vndtzwaintzigisten Dito Enden wierdt
1057 1435 2809 1608 macht vt Quittung f. 15 s - d -
1025 1685 2168 1855 Den Viertzehenden Iunii betzalt ich
1035 1813 2186 1955 Frauen Dorothea Paungartnerin
1020 1935 2225 2059 geborene Scherin den Zins von Zw
1013 2034 2147 2169 elff hundert Tallern so Sy bey
1013 2151 2281 2278 Gemainer Stat mit vertzinsung Acht
995 2258 2178 2397 Taller vom hundert Ligundt hatt
1015 2370 2218 2503 macht Sechs vnd Neüntzig Taller Zu
1005 2483 2241 2625 Sybentzehen Patzen macht Lautt Qui
1012 2590 2788 2738 ttung f 108. " 6. " 12.
997 2809 2184 2963 Den Zwelfften Iunii Zuuer dem ha
987 2923 2214 3096 nsen holtzman Burger vnd des Auss
1005 3268 2177 3480 Latus f 123. s. 6. d 12.
3518 493 4717 641 ern Raths alhie betzalt den Zins von
3521 632 4646 749 Zway Tausent gulden Reinisch so Er
3518 730 4715 848 bey Gemainer Stat mit vertzinsung
3509 835 4650 951 Acht gulden vom hundert Ligundt
3500 936 4672 1057 hatt vnnd sich den Letzten tag Maii
3484 1033 5228 1184 geendet hat vt Quittung f. 160 s - d -
3497 1234 4738 1364 Dem Ainvndtzwaintzigisten Dito betzalt
3502 1347 4646 1465 dem herrn Sebastian Liechtl Ge
3503 1451 4765 1572 mainer Stat Cor Caplan sein Monat
3462 1565 5234 1704 gelt Iunii Laut Quittung f 4. " - " -
3465 1751 4661 1917 Item dem Herrn Cristoff Entzianer
3517 1895 4662 2016 Zalt ich auff dato ain halben Iar
3519 1994 4742 2131 Zins von Ain Tausent gulden Reinisch
3517 2104 4673 2238 so Er bey Gemainer Stat mit ver
3494 2214 4705 2344 tzinsungen Acht gulden vom hundert
3494 2318 5227 2467 Ligundt hat Laut Quittung f. 40 " - " -
3486 2521 4719 2678 Item Zalt ich dem Wolfgangen Auer
3514 2642 4705 2787 Burger alhie Fünfftzig gulden Rh
3502 2759 4727 2902 Iarlichen vertzinsungen von Ain Ta
3502 2868 4699 3024 usent gulden Reinisch so waillandt
3560 3188 4642 3416 Latus f. 204. s - d -
