5871 4672
3627 649 4761 1069 Ausgab
3452 1136 4875 1306 Auf das in Bestand genoh
3717 1303 4569 1432 mene Ungeld
5049 644 5649 863 f. kr. d.
3430 1526 4891 1704 Gleichfalls bezahlte ich dem Löbl.
3559 1691 4871 1823 Banco Haupt Cassa wegen Von
3424 1813 4959 1982 Anno 745 gemr. Stadt überlassenen
3449 1961 4860 2109 Ungelds unterm Gebürg an den
3443 2090 4887 2223 Iähr. Contrahirten Bestand per
3452 2229 4916 2375 10. f. Von 1.ten Iulii 763. bis lezten
3441 2368 4991 2531 Sept. 764. auf ein und ein Viertl
3437 2506 5595 2659 Iahr Inhalt 4. Quittungen 12500 " - " -
3446 2791 4931 2984 Ingleichen wird zur Nachricht
3575 2940 4934 3083 angemerket wegen des in das
3473 3052 4923 3228 Kay. König. Bancalitäts Cam
3463 3202 4916 3339 meral Zahl amt abzuführen ge
3467 3319 4928 3458 westen Ungeld bestand so aber
3464 3451 4898 3574 in ansehung der Von Gemeiner
3455 3550 4920 3715 Stadt Wienn Anno 737 auf gedachtes
3470 3681 4918 3836 Ungeld anticipirten 500 f. zu
3460 3793 4977 3959 folge des errichten Anticipations
4788 3961 5644 4079 12500 " - " -
