5054 4156
745 653 2068 778 bewilligung beyzutragen ha
742 785 2113 878 bendten Contingent benent.
752 876 2079 985 Zehen Taußent Gulden Vermög
737 922 2463 1103 Quittungen hiebey Idest 1000 f -
744 1150 2066 1294 Den 12.ten Martii zalte Ich denen
780 1296 2041 1405 burgerlichen Würthen in
784 1408 2025 1506 der Leöpold Statt wegen
779 1513 2077 1617 bey ihnen im Nouemb. 1703
782 1618 2064 1709 einlogirten Artogleria
765 1712 2115 1821 pferdt die Siben täg Verpfleg
756 1821 2139 1941 te 19 Mundt und 195 pferdt
756 1954 2052 2049 portionen iede zu 9 kr.
732 2056 2045 2159 zusamben benent. Zwey
730 2157 2077 2265 Hundert Vier und Zweinzig
749 2269 2106 2378 Gulden 5 s. 18 d. Inhalt Quit
735 2379 2081 2476 tung und deß herrn Ober Com
748 2477 2120 2577 missarii geferttigter attesta
746 2493 2484 2669 tion hiebey Idest 224 s 5 d
652 2723 2106 2869 Den 17. dito zalte Ich denen burg.
735 2857 2090 2959 Würthen auf der Landtstrass we
740 2966 2105 3055 gen ihnen im Verwichenen Mon
739 3057 2092 3172 nat Xbris einlogirten denischen
762 3167 2073 3276 Völckhern und zwar auf 3 täg
759 3271 2138 3366 iedem 655 ½ Mundt und 140 pferdt
741 3366 2105 3480 portionen zusamben 1966 ½
756 3544 2176 3771 Latus 10224 f 5 s. 18 d.
2949 577 4311 715 Mundt und 420 pferdt portionen
2947 711 4232 801 iede zu 9 kr. benent. Drey
2937 802 4241 909 Hundert Siben und funffzig
2932 909 4296 1009 Gulden 7 s. 24 d. Vermög Quit
2947 950 4873 1126 tung hiebey Idest 357 f 7 s 24 d.
2882 1202 4283 1352 Dito zalte Ich denen Würthen
2976 1359 4242 1458 in der Rossau wegen bey
2972 1469 4314 1571 denen selben im Verwichenen
2938 1577 4266 1684 Iahr einlogirten unterschid
2948 1692 4290 1796 lichen Völckhern die entworffe
2946 1803 4257 1903 nen Mundt und pferdt por
2942 1909 4271 2017 tionen Laut obiger Specifi
2936 2024 4274 2117 cation zusamben benent.
2934 2116 4295 2223 mit Zwey Hundert und drey
2912 2224 4292 2342 Gulden - " 24 d. Crafft Quitt.
2905 2283 4836 2442 hiebey Idest 203 f - " 24 d.
2832 2475 4213 2612 Den 27.ten dito zalte Ich in Einer
2940 2614 4256 2730 Löb. N.Ö. Landtschafft Ober Ein
2936 2721 4269 2824 nehmer Ambt an Gmr. Statt
2933 2836 4244 2936 zu der Anno 1703 Landtags
2922 2949 4205 3059 bewilligung bey zutragen
2908 3062 4300 3173 habendten Contingent benent.
2916 3176 4234 3313 Sechs Taußent Gulden Laut
2928 3238 4829 3424 Quittung hiebey Idest 6000 f - " - "
2937 3471 4247 3719 Latus 6561 f - s. 18 d.
