5047 4171
675 584 2029 758 Den 4.ten April zalte Ich dem
726 756 2113 858 Egyd Lintzer richtern unter denen
731 852 2026 952 Weißgärbern wegen bey Ihnen
723 946 2080 1048 auff 3 täg einquartirten dehni
714 1039 2068 1141 schen Völckhern die in der oben alle
686 1137 2026 1233 girten Specification atestirte
678 1223 2087 1329 333 Mundt und 48 pferdt portionen
704 1327 2075 1417 iede zug 9 kr. mit Siben und funf
708 1401 2078 1512 Zig Gulden 1 s. 6 d. Vermög Quit
708 1439 2457 1622 tung hiebey Idest 57 f 1 s. 6
658 1650 2028 1791 Den 8.ten dito zalte Ich dem Iohann
716 1791 2013 1884 Patz richtern auf der Widen
718 1883 2026 1980 wegen der den 29. und 30.ten Xbris
715 1977 2043 2080 alda einquartirten Mekhlenbur
700 2075 2119 2181 gischen battaglionen für 1022 Mundt
717 2176 2082 2272 und 144 pferdt portionen dan
729 2273 2095 2376 auch wegen 30 Kranckhen so noch
738 2368 2037 2472 einen tag daselbst gebliben so
729 2478 2075 2574 uill portionen iede mit 9 kr.
722 2572 2079 2685 zusamben Ain hundert Neun
720 2672 2086 2782 und Sibenzig Gulden 3 s. 6 d
729 2707 2458 2889 Crafft Quittung hiebey Idest 179 f 3 s 6
671 2916 2040 3032 Den 9.ten dito zalte Ich dem herrn
723 3031 2072 3166 Michäel Hochmaist richtern in
737 3137 2053 3247 der Leöpold Statt wegen der im
735 3224 2087 3340 Xbris 1703 alda einquartirten
725 3320 2102 3452 Graff Bagnischen battalionen
817 3513 2152 3775 Latus 236 f. 4 s 12 d.
2922 602 4235 737 in allem für 2306 Mundt und
2924 747 4251 833 73 pferdt portionen iede 9 kr. zu
2914 828 4285 925 samben Drey hundert Sechs und
2896 926 4244 1034 Funffzig gulden 6 s. 24 d. Laut
2914 994 4836 1148 Quittung hiebey Idest 356 f 6 s 24 d.
2873 1142 4305 1285 Auch zalte Ich Ihme wegen der noch
2922 1282 4229 1370 Anno 1702 alda einlogierten
2916 1374 4254 1470 155 Kriegs gefangenen Franzo
2901 1471 4241 1559 aen auf 3 täg iede portion per 9.
2908 1555 4231 1645 kr. zusamben mit Neün und
2896 1647 4255 1751 Sechzig Gulden 6 s ut Quittung
2903 1692 4763 1863 hiebey Idest 69 f. 6 s - "
2860 1900 4187 2028 Den 14.ten dito zalte Ich in Einer
2915 2023 4245 2125 Löb. N.Ö. Landtschaffts ober Ein
2913 2126 4249 2214 nehmer Ambt an Gmr. Statt zu
2915 2223 4240 2321 den 1703 Iährigen Landtags be
2898 2316 4269 2406 willigung zuzutragen habend
2897 2405 4217 2515 ten Contingent Acht Tausent
2875 2492 4775 2629 Gulden gegen Quitt. hiebey Idest 8000 f - " - "
2856 2659 4253 2791 Den 19.ten dito stelle Ich per Außgab
2907 2790 4266 2876 weillen zu denen Von gesambten
2903 2881 4267 2968 Löb. Ständten Anno 1703 aberma
2887 2973 4244 3075 len 2334 Mann zuwerben ge
2892 3074 4298 3182 schlossenen Recrouten Gemainer
2912 3184 4245 3280 Statt 233 Mann und zwar 220
2897 3280 4253 3401 unter das Löb. de Nehmische Regt
2911 3475 4331 3701 Latus 8426 f. 4 s. 24 d.
