5044 4188
747 651 2086 789 dan 13 unter das tierhaimbische
747 776 2038 866 Regiment zugeteilt auch
722 870 2062 972 wirckhlich gestelt worden die Von
706 976 2064 1071 dem OberCammer Ambt außgeleg
711 1069 2088 1172 te Zehen tausent neün und Neün
716 1162 2048 1253 Zig gulden 6 s. Vermög berath
716 1262 2062 1354 schlagten Antzeigen Specification
733 1356 2034 1454 und darinnen Von Ꞥo 1 bis 13
729 1454 2069 1545 inclusive allegirten Quittungen
730 1550 2070 1637 sambt derentwillen abgangenen
726 1639 2043 1741 Landtschafft und Raths Decreten
724 1743 2080 1830 hiebey Crafft deren für ieden Mann
732 1834 2047 1925 neben der Ehtappenmässigen
717 1925 2087 2024 Verpflegung à die assentationis
723 2032 2089 2139 25 f. Vergüetung passiret wür
726 1986 2454 2246 det Idest 10099 f 6 s
726 2296 2058 2430 Den 2.ten Maii zalte Ich dem herrn
741 2429 2044 2531 Philipp Iohann Stahl haubtman
744 2531 2068 2636 unter dem Löb. Gral de Nehmi
739 2634 2019 2722 schen Regiment umb willen
738 2724 2074 2831 Veranlast worden das denen
759 2824 2102 2929 unter besagtes Regt Von Gmr.
739 2928 2087 3022 Statt geworbenen 220 Mann re
730 3029 2099 3127 crouten iedem 2 Monnat Sold
748 3123 2110 3237 mit 6 f. gegen bonificirung
748 3227 2036 3330 an der Landtags bewilligung
750 3325 2104 3450 mitgegeben werden sollen über
906 3510 1860 3745 Latus per Se.
2935 609 4219 726 die Laut Herrn Schmuderers
2917 732 4266 824 hernach folgendten Werbungs Rech
2915 825 4267 911 nung auff 50 Mann bereiths an
2899 920 4240 1005 gehändtigte 300 f. für die übrige
2901 994 4240 1104 170 Mann benent. Ain Tausent
2909 1107 4271 1209 und Zweinzig Gulden gegen Quit
2918 1213 4245 1300 tung der Herren Verordneten
2921 1298 4255 1387 Decret sambt zweyen Einschlüssen
2920 1392 4232 1492 und berathschlagtes Anzeigen
2912 1451 4709 1581 hiebey Idest 1020 f - "
2870 1637 4239 1767 Den 7.ten dito zalte Ich herrn Paul
2919 1766 4279 1860 Schmuderer deß innern Statt Rath
2917 1858 4232 1956 und der alhieigen burgerschafft Ver
2912 1956 4236 2047 ordneten obrist Wachtmaistern
2918 2047 4266 2137 wegen der in Verwichenen 8br.
2916 2141 4240 2232 Anno 1703 ihme auffgetragenen
2915 2236 4252 2336 233 Mann Recrouten Werbung
2904 2335 4251 2431 die demselben Vermög derenthalben
2901 2436 4290 2539 geführten Rechnung hiebey sambt
2894 2539 4228 2637 denen Certificationibus Von
2892 2641 4243 2740 Ꞥo 1 bis 21 inclusive hinauß ge
2902 2742 4205 2848 bührendte 60 f. 5 s. 14 d. dan die
2910 2855 4250 2942 wegen gehabter bemühung ange
2880 2942 4255 3045 schaffte 300 f. zusamben Drey hun
2875 3044 4259 3151 dert und Sechzig gulden 5 s 14 d
2877 3146 4267 3236 auf beyliegendt beratschlagte buch
2876 3235 4242 3325 halterey Relation und Quittung
2862 3319 4270 3420 Item wirdt allegirt die assenti
3003 3483 3928 3665 Lattus per Se.
