5087 4182
750 585 2156 708 an der Iährlichen Schatzsteüer
745 717 2144 810 zu handten |:titl:| Herrn Statt
720 810 2121 914 anwaldts Ain Hundert fünff
749 917 2150 1021 und Zweinzig Gulden Inhalt
754 915 2503 1126 Quittung hiebey Idest 125 f - "
684 1186 2110 1303 Dan zu Handten der PP. Fran
740 1300 2126 1411 ciscaner Zwey Hundert gul
733 1376 2499 1522 den Vermög Quitt. Hiebey Idest 200 f - "
703 1556 2154 1681 Ingleichen zu Handten der Bru
748 1674 2116 1771 derschafft bey St. Peter Vierzig
752 1669 2506 1900 Gulden Crafft Quit. hiebey Idest 40 f - "
730 1945 2126 2101 Auch zu Handten der Music bey
779 2094 2111 2192 St. Stephan Zwey hundert und
774 2183 2110 2294 Sechtzig Gulden Laut Quit.
764 2239 2486 2398 hiebey Idest 260 f - "
967 2568 2107 2773 Latus 625 f - "
814 2906 2189 3210 Summa auff die Schatz
859 3156 1966 3303 steuer benentlichen
1330 3331 2004 3535 1000 f - "
3032 335 4133 845 Außgab
3143 832 4174 987 Auff die Landtsteüer
3013 1008 4295 1174 Den 14.ten Februa. Anno 704
2977 1184 4251 1286 zalte Ich herrn Franz Adam
2966 1283 4294 1380 Werner Herrn auff Gererstorff
2986 1383 4285 1488 der Röm. Kay. May. Rath N.Ö.
2974 1485 4326 1577 Landtschafft bestelten ober Einehm
2971 1575 4290 1672 bern an Gmr. Statt zu der 1703
2961 1681 4289 1790 Iährigen Hungarisch Raberischen
2961 1794 4298 1886 Gränitz betzallung bey zutragen
2958 1891 4308 1995 habendten Contingent über ab
2942 1997 4260 2094 tzug der Anno 693 mit 3000 f.
2950 2096 4282 2184 gethanen ableßung wie auch
2953 2185 4295 2281 defalcirung 3000 f wegen Anno
2949 2286 4300 2384 1702 anticipando dargegeben
2944 2378 4316 2467 nen 40 f dannoch in paren geldt
2945 2467 4256 2566 Zwey tausent zwey Hundert
2955 2559 4300 2662 Gulden Inhalt Quittung be
2974 2659 4325 2750 rathschlagten buchhalterey Rela
2967 2734 4809 2879 tion und Steyerbrieff hiebey Idest 2200 f - "
2857 2941 4316 3090 Den 18.ten dito zalte Ich widerumb
2947 3091 4298 3192 obwohlgedachtem herrn Ober
2928 3190 4301 3293 Einnehmbern an Gmr. Statt
2916 3294 4313 3417 zu der 1703 Iährigen Landtags
3080 3488 4133 3736 Latus per Se.
