5079 4145
2977 294 4036 812 Außgab
3057 734 4271 905 Auff die Schatzsteuer in daß
3161 899 4166 1049 Kay. Vicedomb Ambt
2930 1145 4256 1272 Den Lezten Martii Anno 1704
2958 1274 4243 1377 zalte Ich in das Kay. N.Ö. Vice
2943 1376 4215 1477 domb Ambt an der bis anhero
2964 1482 4241 1571 Verfallenen Schatzsteyer
2970 1565 4268 1665 in abschlag benent. Ain hun
2936 1672 4298 1780 dert Fünff und Zwainzig Gul
2948 1765 4773 1911 den Inhalt Quittung hiebey Idest 125 f - "
2959 1952 4258 2084 Den Ersten Iulii zalte Ich in
2971 2082 4256 2184 das Kay. N.Ö. Vicedom Ambt
2968 2185 4277 2284 an der dahin gebührendten Iähr
2955 2289 4236 2381 lichen Schatzsteyer in abschlag
2947 2376 4260 2492 Ainhundert fünffundZweinzig
2944 2489 4301 2585 Gulden Vermög Quittungen
2926 2555 4763 2689 hiebey Idest 125 f - "
2932 2733 4271 2865 Den 18.ten octobris zalte Ich aldahin
2924 2867 4257 2967 per abschlag erstbemelter Schatz
2926 2958 4237 3060 steyer benent. Ain Hundert
2907 3054 4229 3161 Fünff und Zweinzig Gulden
2931 3114 4774 3266 Crafft Quittung hiebey Idest 125 f - "
2933 3287 4299 3451 Den Lezten Xbr. zalte ich dahin
2998 3543 4105 3749 Latus 375 f - "
