5049 4209
697 604 2061 725 rungs lihta über die unter das
735 724 2056 813 Löbl. de Nehmische Regiment ge
720 813 2093 908 stelte 220 Mann dan auch 13 Mann
722 810 2484 997 tierheimbische Idest 360 f 5 s 14
674 1043 2082 1148 Dito zalte Ich herrn Haubtmann Stahl
731 1146 2047 1241 die Von Einem Löbl. Statt Rath
734 1245 2057 1325 denselben zu Einer discretion an
714 1321 2093 1418 geschaffte Vierzig Gulden Laut Raths
725 1354 2460 1525 Decret und Quittung hiebey Idest 40 f - " -
736 1541 2044 1665 Den 21.ten Iunii gabe Ich herrn Io
722 1669 2021 1767 hann Sebastian Höpffner Von
733 1766 2073 1859 Brendt deß innern Statt Raths
723 1859 2064 1947 und Verordneten Quartiers Com
707 1944 2018 2039 missario auff Verpflegung der
728 2038 2069 2128 zu Wasser ankhomenen comman
719 2130 2021 2223 dirten trouppen benent. Sechs
722 2222 2057 2328 hundert gulden Inhalt Quitt.
706 2259 2453 2413 hiebey Idest 600 f - " -
646 2433 2026 2572 Den 24.ten dito zalte Ich auch herrn
678 2558 2084 2657 Iohann Lorenz trunckh von Quet
696 2654 2065 2746 tenberg etc. auf besagte Verpflegung
682 2733 2087 2852 Ain Tausent Vier hundert gul
686 2791 2452 2969 den Vermög Quitt. hiebey Idest 1400 f - " -
693 2987 2068 3134 den 28.ten dito abermahlen Sechs
722 3104 2026 3248 Hundert gulden Crafft der
716 3177 2441 3372 Quittung hiebey Idest 600 f -
754 3464 2105 3738 Latus 3000 f. 5 s. 14 d.
2886 508 4256 687 Über entstehendte 2600 f. haben
2931 691 4256 783 die Herrn Quartiers Comissarii
2927 789 4279 874 beyligendte Rechung sambt ihren
2919 879 4251 981 Certificatiombus alß Litt. A. B.
2919 982 4276 1079 und Von Ꞥo. 1 bis 25 inclusive
2923 1086 4250 1173 Verfasset und Einem Löbl.
2923 1176 4230 1274 Statt Rath überraicht welche so
2913 1276 4256 1369 dan Vermög darüber erstatten
2916 1370 4239 1473 buchhalterey Relation in das
2911 1471 4248 1562 OberCammer Ambt remittirt
2903 1557 4263 1659 annebens ihnen der herrin Ver
2915 1657 4265 1758 blibene Rest mit 93 f. 18 kr. für
2910 1761 4293 1879 ihre bemühung in handten gelas
2925 1859 3475 1958 sen worden
2917 1984 4353 2108 Den 23.ten 7bris zalte ich denen burg.
2911 2108 4283 2204 Würthen in der Leöpold Statt wegen
2914 2205 4272 2304 diß Iahr und zwar Vom 20.ten Febr.
2915 2303 4264 2397 bis Iunii unterschidtlich bey ihnen
2905 2399 4234 2496 einquartirten Kriegs Völckher
2907 2498 4265 2596 die in 7 posten nach denen ehtappen
2884 2598 4265 2690 mässigen 6 kr. außtragendte 739 f
2887 2698 4247 2796 24 kr. dan auf iede portion den Ver
2875 2797 4274 2888 willigten beytrag der 3t. mit
2868 2885 4247 2982 369 f. 42 kr. zusamben benent. Ain
2860 2981 4261 3080 Tausent ain hundert und neün
2865 3078 4254 3187 Gulden - " 24 d. Inhalt berathschlagten
2873 3182 4285 3268 Anbringen Quitt. und dern hh. Quar
2885 3244 4825 3404 tirs Comissarien Regartition hiebey Idest 1109 f - " 24 d.
2970 3448 4075 3723 Latus per Se.
