5373 3763
731 399 2222 804 Merlai Varnus
717 854 2163 974 Item vier tausent Neunhundert Sechsundachtzig Pfundt
766 958 1858 1072 piscoten Prot ligen auf der Mellgrueb
714 1087 1592 1222 Ain grosser Messinger han
740 1215 1335 1323 Vier Credenntz khanndl
739 1316 1174 1420 Ain Narb schloß
688 1439 1269 1545 Acht messingspitzen
676 1539 2024 1667 Sechtzehen Lideren Empor hat der vnnder Chamerer
631 1673 2065 1810 Etlich getruckht Zalt alls Beckhen Mullner feur vnnd
721 1786 1341 1893 Weintzierl Ordnungen
656 1900 2118 2035 Zway hundert vierundfunftzig lanng Spieß sein auf das
744 2022 2069 2148 vnndern Chamerer antzaigen ins Zeughauß gefuert
733 2105 947 2185 worden
702 2176 2124 2282 Drey hultzen Madl darein gemainer Stat Wappen vnnd
709 2269 1946 2375 Iartzall geschnitten die von Nurnnberg khumen
704 2365 2093 2507 Drey schlussl gehoren Zu der Neuen Passtein bey den
735 2492 1076 2589 Predigern
3231 561 4653 740 Funf ellen vnnd dreu viertl Rot Linndisch tuech so auf weich
3294 709 4614 815 nachten ditz etc 46 Iars an der hofclaidung über beliben
3209 851 4607 996 Mer 6 ellen vnnd ain halbe Rotten lanngen Nurnnberger
3270 977 4439 1102 vnnd Zechen ellen genetzt gruen Fueter Tuech
3237 1162 4301 1321 Ain Gollt wag vnnd ain gellt Trachter
