5408 3769
751 620 2136 766 Ain Meldbrief von der Schrann des Schmidingers Tes
768 741 1636 847 tament per 200 f beruerennt
697 817 2139 1007 Ain Ratschlag auf Michael wiser Ledrers wittib laut
775 990 949 1045 tennt
656 1073 2103 1216 Herr Iohann Fabri geweßnen Pharrers bey vnnsern
776 1200 2125 1327 herrn Schuldbrief vmb 5 γ ist aber in der Remanentz
774 1291 1853 1397 nit mer dann ain Pfundt Pfening schuldig
740 1400 2133 1647 Sachen in meinem
1007 1618 1498 1724 ambt gehanndlt
640 1719 2101 1869 Erstlich ain Satzbrief von Wilhalben Wolfing laut per
780 1846 1863 1931 100 fl. des datum den 2 Maii Anno etc 44.ten
708 1929 2096 2044 Ain Schultbrief von Frauen Sophia huetstockherin per
727 2031 1901 2126 80. fl. Hannsen Ennser Peutler belangent
663 2120 1793 2239 Michaeln winnter gueter Curatorn sachen
689 2225 1779 2334 Ain Obligation Pruckhgefell beruerent
717 2312 2037 2475 Connradt Gessing Stainmetzen verschreibung
3246 578 4622 746 Ain Schultbrief von Sebastian Steger per 40. fl.
3236 750 4627 891 Leonnharden Mayr khasstecher verschreibung gemaine
3281 872 3909 977 Stat anschaden Zuhalten
3228 1003 3831 1109 Traunhofers vertrag
3227 1098 4341 1215 Hannß Ennsers Peitlerß verschreibung
3231 1204 4617 1343 Ain Satzbrief von Frauen Anna Misbeckhin auß
3292 1321 3798 1402 geennt per 100. fl.
3212 1383 4608 1547 Ain Purckhrecht brief von Liennhart hackhl Secreta
3298 1522 3921 1621 ri betreffent 200. fl.
3193 1630 4649 1802 Ain khaufbrief vmb Gemainer Stat Gieschutten
3245 1746 4092 1858 bey den Augustinern gelegen
3215 1845 4608 1974 Ain Außtzug aines Satz vmb 14. fl. auf Dorothea
3231 1958 4626 2089 Steirmachers hausfrauen hauß bey dem werder
3275 2067 3427 2116 thor
3237 2079 4203 2215 der Lanndstrasser hanndlung
3220 2223 4608 2342 Wilhalbm Schwartz prunn schotten hanndlung sein
3242 2316 4033 2418 heusl im harhof belanngent
3204 2387 4644 2565 Margaretha wallnerin Suplication vnnd Ratschlag
