<?xml version="1.0" encoding="UTF-8" standalone="yes"?>
<PcGts xmlns="http://schema.primaresearch.org/PAGE/gts/pagecontent/2013-07-15">
    <Metadata>
        <Creator>prov=READ-COOP:name=PyLaia@TranskribusPlatform:version=2.30.2:model_id=377405:lm=provided:date=26_08_2025_10:03</Creator>
        <Created>2025-08-19T09:34:33.876+02:00</Created>
        <LastChange>2025-09-04T09:45:12.301+02:00</LastChange>
        <TranskribusMetadata docId="10165480" pageId="101866158" pageNr="121" status="IN_PROGRESS" userId="261754" imgUrl="https://files.transkribus.eu/Get?id=GRLPPSHIWMYHMAENKHQSEERD&amp;fileType=view" imageId="85446116"/>
    </Metadata>
    <Page imageFilename="101866158.tif" imageWidth="5379" imageHeight="3737">
        <TextRegion id="region_153793737" custom="readingOrder {index:0;}">
            <Coords points="0,0 2689,0 2689,3737 0,3737"/>
            <TextLine id="line_1755682371024_3524" custom="readingOrder {index:0;}">
                <Coords points="696,665 741,578 776,554 803,551 853,607 875,615 984,625 1203,624 1590,590 2046,600 2101,606 2165,621 2180,631 2181,728 2178,736 2166,740 2100,745 1457,742 991,748 795,758 712,756"/>
                <Baseline points="712,690 2181,690"/>
                <TextEquiv>
                    <Unicode>Leopolden Schwartzen Supplication vnnd Ratschlag</Unicode>
                </TextEquiv>
            </TextLine>
            <TextLine id="tl_1755680766" custom="readingOrder {index:1;} unclear {offset:16;length:5;} unclear {offset:26;length:4;}">
                <Coords points="712,752 2157,752 2157,915 712,915"/>
                <Baseline points="712,872 2157,872"/>
                <TextEquiv>
                    <Unicode>Ain Außtzug der fletz hanndler beschluß Ierer Rait</Unicode>
                </TextEquiv>
            </TextLine>
            <TextLine id="line_1755682393129_3533" custom="readingOrder {index:2;}">
                <Coords points="772,897 867,875 966,897 966,954 898,979 772,954"/>
                <TextEquiv>
                    <Unicode>tung</Unicode>
                </TextEquiv>
            </TextLine>
            <TextLine id="tl_1755680762" custom="readingOrder {index:3;}">
                <Coords points="715,988 715,1055 719,1060 973,1083 1446,1083 1587,1078 1828,1088 2072,1088 2119,1087 2119,999 2089,987 2072,982 1282,971 1190,971 1094,969 948,978 848,993 804,988 757,968 725,974 718,978"/>
                <Baseline points="715,1050 2094,1050"/>
                <TextEquiv>
                    <Unicode>Ain Außtzug Margarethen Veiten Paungartners</Unicode>
                </TextEquiv>
            </TextLine>
            <TextLine id="tl_1755680755" custom="readingOrder {index:4;}">
                <Coords points="716,1084 716,1141 722,1148 936,1166 1032,1167 1255,1159 1425,1169 1661,1169 1867,1177 2117,1175 2122,1167 2119,1102 2110,1097 2052,1089 1288,1073 1055,1076 784,1073 730,1077"/>
                <Baseline points="716,1151 2122,1151"/>
                <TextEquiv>
                    <Unicode>witiben stifft die vberschrifft an herrn Sebastian</Unicode>
                </TextEquiv>
            </TextLine>
            <TextLine id="tl_1755680756" custom="readingOrder {index:5;}">
                <Coords points="720,1164 2015,1164 2015,1275 720,1275"/>
                <Baseline points="720,1245 2015,1245"/>
                <TextEquiv>
                    <Unicode>Huetstockher Oberstat Chamerer lauttennt</Unicode>
                </TextEquiv>
            </TextLine>
            <TextLine id="tl_1755680758" custom="readingOrder {index:6;}">
                <Coords points="1838,1333 1832,1324 1794,1311 1651,1296 1588,1275 1548,1272 1249,1277 1081,1288 881,1287 764,1281 721,1289 712,1295 710,1363 712,1370 719,1374 838,1396 917,1402 1117,1389 1177,1389 1292,1405 1334,1405 1404,1398 1466,1398 1570,1408 1785,1408 1830,1400 1836,1391"/>
                <Baseline points="710,1374 1838,1374"/>
                <TextEquiv>
                    <Unicode>Ain schultbrief von Merten Rechperger</Unicode>
                </TextEquiv>
            </TextLine>
            <TextLine id="tl_1755680753" custom="readingOrder {index:7;} unclear {offset:29;length:3;}">
                <Coords points="698,1415 701,1491 715,1497 774,1503 1201,1508 1581,1504 1862,1511 2125,1509 2145,1503 2144,1421 2113,1412 2075,1407 1878,1404 1617,1410 1468,1402 1269,1405 1183,1398 1106,1398 903,1409 775,1398 724,1398 702,1403"/>
                <Baseline points="698,1482 2129,1482"/>
                <TextEquiv>
                    <Unicode>Ain verschreibung von Wilhalbmen von Orschau vnnd</Unicode>
                </TextEquiv>
            </TextLine>
            <TextLine id="tl_1755680757" custom="readingOrder {index:8;}">
                <Coords points="723,1502 2110,1502 2110,1631 723,1631"/>
                <Baseline points="723,1598 2110,1598"/>
                <TextEquiv>
                    <Unicode>Margarethen seiner hausfrauen das burger Recht</Unicode>
                </TextEquiv>
            </TextLine>
            <TextLine id="tl_1755680770" custom="readingOrder {index:9;}">
                <Coords points="770,1603 1133,1603 1133,1702 770,1702"/>
                <Baseline points="770,1675 1133,1675"/>
                <TextEquiv>
                    <Unicode>betreffennt</Unicode>
                </TextEquiv>
            </TextLine>
            <TextLine id="tl_1755680769" custom="readingOrder {index:10;}">
                <Coords points="710,1693 2058,1693 2058,1824 710,1824"/>
                <Baseline points="710,1789 2058,1789"/>
                <TextEquiv>
                    <Unicode>Ain fuerschrifft an die Zoll vnnd Aufschlag von</Unicode>
                </TextEquiv>
            </TextLine>
            <TextLine id="tl_1755680761" custom="readingOrder {index:11;} unclear {offset:14;length:9;}">
                <Coords points="2125,1840 2119,1832 2104,1826 2053,1817 1275,1814 885,1823 774,1832 720,1842 714,1851 715,1898 723,1905 824,1913 1114,1914 1294,1925 2113,1927 2125,1922"/>
                <Baseline points="714,1898 2125,1898"/>
                <TextEquiv>
                    <Unicode>gemainer Stat ausgnennt etlich khugln belanngent</Unicode>
                </TextEquiv>
            </TextLine>
            <TextLine id="tl_1755680754" custom="readingOrder {index:12;}">
                <Coords points="672,1931 674,2017 707,2034 741,2041 912,2044 1009,2037 1152,2038 1230,2044 1289,2055 1328,2068 1385,2074 2099,2074 2130,2071 2139,2067 2142,2059 2142,1978 2138,1971 2074,1950 2020,1942 1552,1933 1247,1933 771,1922 692,1923"/>
                <Baseline points="672,2036 2142,2036"/>
                <TextEquiv>
                    <Unicode>Mathiasen Mair vnnd Hannsen Wilhalbm Supplica</Unicode>
                </TextEquiv>
            </TextLine>
            <TextLine id="tl_1755680771" custom="readingOrder {index:13;}">
                <Coords points="784,2055 784,2114 791,2119 816,2120 834,2123 996,2125 1058,2128 1127,2134 1297,2135 1312,2134 1320,2130 1317,2119 1320,2076 1316,2059 1303,2048 1299,2042 1273,2036 1220,2033 995,2032 793,2047"/>
                <Baseline points="784,2107 1320,2107"/>
                <TextEquiv>
                    <Unicode>tion vnnd Ratschlag</Unicode>
                </TextEquiv>
            </TextLine>
            <TextLine id="tl_1755680760" custom="readingOrder {index:14;}">
                <Coords points="662,2149 663,2228 674,2234 731,2241 1110,2252 1391,2245 1546,2254 2024,2252 2027,2246 2027,2188 2020,2171 1971,2158 1522,2125 1332,2123 1087,2132 724,2133 666,2140"/>
                <Baseline points="662,2219 2027,2219"/>
                <TextEquiv>
                    <Unicode>Ain bewilligung vber das Lasereth Zu Wienn</Unicode>
                </TextEquiv>
            </TextLine>
            <TextLine id="tl_1755680749" custom="readingOrder {index:15;}">
                <Coords points="664,2297 666,2334 675,2350 749,2367 1129,2357 1359,2372 1771,2388 2086,2388 2105,2384 2111,2373 2109,2271 2092,2262 2039,2251 733,2249 674,2263 666,2274"/>
                <Baseline points="664,2351 2111,2351"/>
                <TextEquiv>
                    <Unicode>Abschrifft des Khunigkhlichen Generall beuelchs</Unicode>
                </TextEquiv>
            </TextLine>
            <TextLine id="tl_1755680763" custom="readingOrder {index:16;}">
                <Coords points="749,2385 750,2410 758,2431 773,2446 777,2456 791,2463 828,2468 997,2471 1121,2466 1254,2467 1317,2471 1429,2486 1486,2489 1582,2488 1594,2481 1597,2468 1597,2376 1592,2367 1583,2364 1507,2361 953,2360 784,2368 762,2372 755,2376"/>
                <Baseline points="749,2456 1597,2456"/>
                <TextEquiv>
                    <Unicode>die Schatz Steur belanngent</Unicode>
                </TextEquiv>
            </TextLine>
            <TextEquiv>
                <Unicode></Unicode>
            </TextEquiv>
        </TextRegion>
        <TextRegion id="region_253793737" custom="readingOrder {index:1;}">
            <Coords points="2690,0 5379,0 5379,3737 2690,3737"/>
            <TextLine id="tl_1755680752" custom="readingOrder {index:0;}">
                <Coords points="3217,585 3218,720 3220,724 3238,730 3250,738 3294,746 3681,747 3793,732 3874,734 3928,740 3995,740 4058,734 4091,726 4102,720 4105,711 4104,643 4068,628 4029,620 3768,618 3675,614 3556,630 3433,626 3380,618 3349,605 3337,592 3319,584 3301,569 3264,561 3225,571"/>
                <Baseline points="3217,699 4105,699"/>
                <TextEquiv>
                    <Unicode>Ain auftzaichung der Stathuern</Unicode>
                </TextEquiv>
            </TextLine>
            <TextLine id="tl_1755680750" custom="readingOrder {index:1;}">
                <Coords points="4623,787 4612,774 4544,744 4523,724 4505,715 4450,702 4399,702 4341,710 4265,732 4060,762 3748,772 3636,780 3422,805 3312,801 3248,811 3240,819 3239,882 3247,893 3260,897 3334,902 3881,891 4374,888 4577,878 4620,870"/>
                <Baseline points="3239,852 4623,852"/>
                <TextEquiv>
                    <Unicode>Mer ain auftzaichung Puech des Einkhumen der Cannto</Unicode>
                </TextEquiv>
            </TextLine>
            <TextLine id="tl_1755680764" custom="readingOrder {index:2;}">
                <Coords points="3278,893 4036,893 4036,993 3278,993"/>
                <Baseline points="3278,968 4036,968"/>
                <TextEquiv>
                    <Unicode>rey bey Sannd Steffan</Unicode>
                </TextEquiv>
            </TextLine>
            <TextLine id="tl_1755680768" custom="readingOrder {index:3;}">
                <Coords points="4648,1016 4633,1006 4519,975 4487,962 4429,950 4364,952 4269,965 4160,973 3868,985 3298,998 3235,1008 3223,1016 3222,1107 3225,1118 3235,1125 3294,1133 3721,1132 4577,1114 4631,1107 4646,1100 4650,1091"/>
                <Baseline points="3222,1085 4650,1085"/>
                <TextEquiv>
                    <Unicode>Mer ain Inuentari der varunden hab in der Canntorei</Unicode>
                </TextEquiv>
            </TextLine>
            <TextLine id="tl_1755680751" custom="readingOrder {index:4;}">
                <Coords points="3215,1211 3217,1297 3236,1303 3268,1305 3372,1302 3716,1305 4053,1281 4231,1286 4467,1285 4566,1278 4581,1277 4579,1199 4550,1189 4503,1186 4151,1192 3928,1177 3734,1175 3668,1180 3579,1200 3507,1203 3422,1193 3343,1172 3282,1171 3220,1190"/>
                <Baseline points="3215,1270 4570,1270"/>
                <TextEquiv>
                    <Unicode>Vnnd ain Perckhpuchl über die weingarten Zu der</Unicode>
                </TextEquiv>
            </TextLine>
            <TextLine id="tl_1755680759" custom="readingOrder {index:5;}">
                <Coords points="4643,1296 4629,1290 3946,1289 3694,1302 3328,1309 3261,1319 3258,1369 3261,1375 3277,1379 3445,1386 4229,1388 4382,1395 4583,1394 4627,1388 4642,1380"/>
                <Baseline points="3258,1367 4643,1367"/>
                <TextEquiv>
                    <Unicode>Canntorey bey Sanndt Steffan so mier Matheuß</Unicode>
                </TextEquiv>
            </TextLine>
            <TextLine id="tl_1755680765" custom="readingOrder {index:6;} unclear {offset:0;length:3;}">
                <Coords points="3227,1373 4461,1373 4461,1513 3227,1513"/>
                <Baseline points="3227,1478 4461,1478"/>
                <TextEquiv>
                    <Unicode>Tut geweßner Canntor überantwurt hat</Unicode>
                </TextEquiv>
            </TextLine>
            <TextEquiv>
                <Unicode></Unicode>
            </TextEquiv>
        </TextRegion>
    </Page>
</PcGts>
