5383 3755
450 312 2225 829 Briefliche Vrkhunt
695 832 2058 952 Erstlich ain Purckhrecht brief von Paulls Pernfueß
763 934 2066 1045 laut per 440. fl. des datum 28 Apprillis Anno etc im 37
647 1054 2179 1186 Mer ain Purgkhrecht brief von gedachtem herrn Pernfueß
709 1163 1993 1274 Laut per 500 fl. des datum 22 Martii Anno etc. 42.
719 1296 2123 1422 Ain Purgkhrecht brief von frauen Agneß herrn Wolf
747 1408 2094 1521 ganngen Toblers hausfrauen per 200 fl. des datum
766 1487 1292 1586 19 Maii Anno etc. 42.ten
703 1582 2156 1734 Ain Satzbrief von Hannsen Iordan lauttent per 300 γ. d. des
758 1719 1488 1817 datum 24 maii Anno etc 42.ten
683 1815 2121 1955 Ain auftzaichung aller brieflicher verkhunden die im Tisch
760 1928 1380 2046 ligen in der Ratstuben
673 2037 2146 2181 Ain obligation mit ainer Quittung von der khu Myt etc per 300. fl
720 2165 1754 2273 von Wolfganngen Heiner herkhumen
697 2248 2125 2384 Zwen schuldbrief von Larenntz Iglshofer ausganngen
744 2351 1295 2449 per 50. fl. lauttent
640 2436 2104 2628 Ain Schultbrief von Barbara Michelln Lackhkircher
3299 619 4588 735 hausfrauen so nachmallß Steffan Patzman wag
3305 722 4590 831 ner auch eelichen gehabt Ain Weingarten per 9. γ. be
3297 811 3538 900 treffent
3238 910 4580 1054 Ain Schuldbrief von Phillip vochter laut vmb funftzig
3295 1029 3746 1129 Pfundt Phening
3224 1120 4660 1263 Ain Schuldbrief von Lucaß Galmar von Papa vmb 31 γ d
3273 1239 4623 1349 vnngrisch vnnd 65 d lauttent die Vrban Turckhenfelder
3315 1334 3948 1437 gemainer Stat geschafft
3195 1442 4642 1563 Ain Schultbrief von Walcher dirol von Augspurg vmb
3259 1546 4588 1663 45. fl von frauen Barbara khlaingerin herruerennt
3248 1671 4603 1784 Ain Schultbrief von Sebastian Stetzer per 20. fl. ist doch
3282 1771 4503 1879 in der Remanentz nit mer dann funf schuldig
3222 1880 4616 2016 Drey khaufbrief vmb 3. wechsl pennckh so Gemaine
3271 1998 3777 2101 Stat verkhaufft
3223 2120 4557 2259 Ain Satzbrief von Thoman Seidl per 100 fl Agnes
3229 2240 4175 2358 Feldkhircherin stifft betreffennt
3205 2344 4611 2470 Ain Außtzug aines Satz von Merten Dreifueß vnnd
3268 2454 4335 2579 Anna seiner hausfrauen ausgeennt
