5580 4320
2343 421 2733 599 f. s. d.
618 839 2210 992 Von anligenden 500 f. daß anheunt
691 988 2199 1115 Verfallene Iahrs Intee. mit Zwölff
676 1017 2725 1239 Gulden 4 s. Sub Quittung Idest 12 " 4 " -
605 1338 2083 1507 Den 26. dito zahlte Ich Herrn
662 1507 2148 1638 Kirchen maister bey St. Stephann
667 1626 2188 1757 Von anligenden 1000 f. das anheut
661 1753 2183 1889 Verfallene Iahrs Intee. mit Funfftzig
680 1765 2723 2011 gulden ut Quittung Idest 50 " - " -
682 2085 2244 2260 Dito zahlte Ich der Susannæ Schleicherin
671 2254 2182 2398 Vorhin Petrasin Von ihres Sohns an
710 2387 2171 2516 ligenden 800 f. das anheunt Ver
701 2508 2173 2632 fallene Iahrs Intee. mit Viertzig
700 2625 2155 2778 gulden auff ihr Quittung hiebey
718 2658 2723 2884 Idest 40 " - " -
659 2994 2123 3189 Den 27. der Annæ Mariæ Purckh
697 3178 2182 3308 stallerin Von ihren anligenden 2000 f.
695 3303 2191 3464 das den 19. diss Verfallene Iahrs
857 3577 2298 3779 Latus 102 f. 4 s. - d.
4781 451 5389 701 f. s. d.
3189 737 4624 939 Interesse mit Ain Hundert gul
3219 936 5407 1090 den Inhalt Quittung Idest 100 " - " -
3154 1152 4637 1327 Den 28. dito zahlte Ich herrn Iohann
3176 1321 4676 1433 Geörg Strobl Von Adlheimb Von seinen
3184 1434 4632 1546 erhebten 1500 f. das den 26. diss
3150 1549 4605 1674 Verfallene Iahrs Intee. mit Fünff
3191 1662 4677 1793 und Sübentzig gulden Crafft Quit
3204 1782 5420 1925 tung hiebey Idest 75 " - " -
3125 1987 4642 2165 Den dito zahlte Ich |titl.| Fr. Annæ
3193 2147 4643 2272 Catharinæ Pinderin Von ihren an
3184 2272 4644 2395 ligenden 36000 f. das anheunt Ver
3160 2389 4573 2511 fallene Viertl Iährige Intee. mit
3182 2499 4596 2638 Fünff Hundert und Viertzig Gul
3194 2627 5401 2797 den gegen Quittung Idest 540 " - " -
3138 2873 4639 3048 Item Fr. Mariæ Barbaræ Gebhard
3163 3039 4625 3166 tin Von anligenden 2000 f. das an
3175 3152 4584 3296 heunt Verfallene halb Iährige In
3192 3281 4601 3437 teresse mit Funfftzig gulden Lauth
3290 3550 4744 3829 Latus 715 f. - s. - d.
