5569 4193
2303 401 2683 624 f. s. d.
621 818 2104 960 Kirchen anligenden 4000 f. das den
655 962 2136 1090 15. diss Verfallene Iahrs Interesse
667 1092 2148 1228 mit Zwey Hundert gulden ut
649 1147 2689 1373 Quittung hiebey Idest 200 " - " -
635 1483 2093 1630 Dan uon anligenden Hueberischen
652 1628 2141 1744 200 f. das den 18. diss Verfallene
658 1744 2110 1893 Iahrs Intee. mit Zehen gulden
648 1767 2696 2013 Sub Quittung hiebey Idest 10 " - " -
630 2107 2086 2282 Dito zahlte Ich Vorgedachten herrn
645 2255 2157 2385 Khreül Von anligenden Hueberischen
670 2385 2133 2507 1000 f. das den 18. 7br. Verfallene
675 2501 2155 2637 halb Iährige Intee. mit Fünff und
639 2631 2091 2768 Zwaintzig gulden auff sein Quit
674 2631 2707 2899 tung hiebey Idest 25 " - " -
681 3005 2130 3192 Auch Zahlte Ich denen P. P. Fran
690 3178 2251 3309 ciscanern Von denen Eliæ bayrischen
692 3307 2146 3455 100 f. das den 19. diss Verfallene
756 3554 2364 3788 Latus 235 f. - s. - d.
4729 285 5393 493 f. s. d.
3144 709 4603 879 Iahrs Intee. mit Fünff gulden in
3160 876 5410 1034 halt Quittung hiebey Idest 5 " - " -
3172 1112 4671 1292 Mehr zahlte Ich dem herrn Kreül
3139 1291 4619 1400 Von denen Perchtoldischen 1800 f. das
3158 1405 4623 1515 ietzt Michäelis Verfallene halb
3139 1514 4643 1640 Iährige Intee. mit Fünff und Vier
3156 1635 4629 1777 tzig gulden Vermög Quittung hie
3171 1773 5397 1917 bey Idest 45 " - " -
3151 1979 4647 2167 Eodem Die zahlte Ich dem Wolff
3173 2165 4645 2290 Adam Priester Von seinen in zweyen
3163 2290 4665 2408 posten anligenden 1000 f. das anheut
3128 2408 4621 2549 Verfallene Iahrs Intee. mit Funfftzig
3178 2543 5425 2706 gulden gegen Quittung Idest 50 " - " -
3099 2741 4657 2965 In Simili zahlte Ich |titl.| herrn Chri
3156 2946 4640 3093 stoph Friderich Schmit Von seiner Ehe
3163 3083 4656 3206 Fr. anligenden Hierneißischen 1000 f.
3156 3204 4648 3358 das anheunt Verfallene Iahrs Intee.
3293 3430 4684 3705 Latus 100 f. - s. - d.
