5568 4279
2321 488 2714 632 f. s. d.
607 788 2136 971 Den 20. zahlte Ich denen P. P. Mi
646 967 2039 1074 noriten Von ihren anligenden
635 1068 2094 1191 100 f. das anheunt Verfallene
623 1187 2104 1312 Iahrs Intee. mit Fünff gulden
648 1248 2718 1457 Lauth Quittung hiebey Idest 5 " - " -
613 1538 2171 1704 Dito zahlte Ich herrn Geörg Friderich
636 1691 2161 1812 Wolff Von seinen anligenden 1500 f.
656 1813 2073 1951 das anheunt Verfallene Iahrs
649 1938 2056 2055 Intee. mit Fünff und Sübentzig
653 2051 2056 2194 gulden Lauth Quittung hiebey
666 2058 2709 2297 Idest 75 " - " -
563 2399 2118 2583 Ingleichen zahlte Ich herrn Frantz
662 2568 2081 2677 Antoni Herr Pfarrern zu otta
660 2677 2034 2795 ckhring Von denen anligenden
658 2786 2157 2909 baumgartnerischen 1100 f. das den
665 2907 2138 3020 12. Ianuarii Verfallene Iahrs In
682 3014 2068 3143 tee. mit Fünff und Funfftzig
688 3141 2081 3287 Gulden gegen Quittung hie
699 3155 2707 3396 bey Idest 55 " - " -
795 3539 2323 3794 Latus 135 f. - s. - d.
4834 448 5421 664 f. s. d.
3177 673 4608 913 Dan Von denen Anndreæ Eißlerischen
3231 917 4658 1036 600 f. das den 3. Aug. Verfallene
3207 1039 4701 1161 Iahrs Intee. mit Dreyssig gulden
3227 1157 5385 1313 auff sein Quittung hiebey Idest 30 " - " -
3186 1412 4639 1588 Den 21. dito zahlte Ich Fr. Theresiæ
3201 1587 4626 1703 Iulianæ Fuxin Vorhin Eyblin Von
3224 1702 4668 1815 ihrer tochter anligenden 4000 f.
3225 1817 4660 1939 das anheunt Verfallene halb Iähr.
3196 1932 4637 2057 Intee. mit Ain Hundert gulden rh.
3220 2057 5389 2216 ut Quittung hiebey Idest 100 " - " -
3195 2286 4660 2457 Den 22. dito zahlte Ich herrn Mathiæ
3217 2451 4668 2576 Martin Mörden Pfarren zu Frider
3217 2576 4627 2708 spach Von denen Iohann Christoph
3214 2701 4675 2818 Holtznerischen 4000 f. an dem den
3224 2820 4639 2938 8. Aug. und angestern auff ain
3222 2935 4651 3050 Iahr Verfallenen Intee. die denen
3201 3049 4675 3185 Mördischen Puppillen gehörige 40 f.
3225 3169 4652 3284 wie auch seiner Schwester Reginæ
3246 3277 4676 3422 Ceciliæ zueständige 30 f. ingleichen
3321 3507 4723 3763 Latus 130 f. - s. - d.
