5571 4180
2314 412 2718 585 f. s. d.
639 724 2120 859 7. Monath Verfallene Intee. mit Vier
650 861 2100 981 zehen gulden Vier Schilling 20 d.
666 904 2712 1118 auff ihr Quittung Idest 14 " 4 " 20
610 1219 2144 1383 Dan zahlte Ich denen P. P. Augustinern
628 1380 2113 1496 in der statt Von anligenden 1000 f.
627 1487 2117 1606 das den 6. diss Verfallene Iahrs
620 1606 2107 1740 Intee. mit Funfftzig gulden Crafft
627 1647 2708 1869 Quittung hiebey Idest 50 " - " -
632 1982 2031 2150 Auch Zahlte Ich der Mariæ Helena
642 2143 2097 2258 Rheinin gebohrner Schretterin Von
642 2257 2102 2364 ihren anligenden 500 f. das den
635 2365 2106 2499 Letzten Iulii Verfallene Iahrs In
644 2490 2067 2613 teresse mit Fünff und Zwaintzig
657 2494 2693 2756 Gulden Lauth Quittung Idest 25 " - " -
613 2844 2105 3032 Den 12. dito zahlte Ich dem Carl Io
630 3030 2108 3146 seph Thurner Von denen anligenden
641 3144 2081 3263 Clepinderischen 1200 f. in abschlag
649 3256 2108 3395 der biß anhero Verfallene Inteen.
741 3473 2187 3705 Latus 89 f. 4 s. 20 d.
4681 310 5414 524 f. s. d.
3189 569 4626 782 Ain Hundert gulden gegen Quit
3223 780 4616 910 tung undt Raithandler Bericht hie
3222 911 5399 1042 bey Idest 100 " - " -
3196 1080 4647 1261 Den 14. dito zahlte Ich dem Bahlta
3225 1254 4615 1359 sar Hagenmüller Von anligenden
3225 1364 4628 1474 541 f. 5. kr. 2 d. das den 28. Aug.
3192 1476 4629 1612 Verfallene Iahrs Intee. mit Süben
3218 1604 4679 1729 und Zwaintzig gulden 12 d. auff
3200 1724 5387 1880 sein Quittung hiebey Idest 27 " - " 12
3173 1953 4603 2148 Dito zahlte Ich herrn Anntoni Loickh
3198 2143 4615 2256 Von seinen 1000 f. das anheunt Ver
3201 2260 4656 2385 fallene halb Iährige Intee. mit Fünff
3199 2370 4579 2512 und Zwaintzig gulden ut Quittung
3175 2511 5403 2665 hiebey Idest 25 " - " -
3173 2714 4643 2896 Den 15. dito zahlte Ich denen herrn
3190 2878 4669 3018 Superintendenten über das Zuchthaus
3200 3001 4598 3122 uon erhebten 1000 f. das den 28.
3190 3115 4581 3261 Aug. auff 5. Monath verfallene
3264 3379 4655 3614 Latus 152 f. - s. 12 d.
