5567 4261
2345 399 2708 594 f. s. d.
706 802 2206 949 Intee. mit Zwaintzig gulden Sechs
710 943 2190 1087 Schilling 20 d. inhalt Quittung hie
732 963 2702 1191 bey Idest 20 " 6 " 2
695 1280 2064 1433 Dito zahlte Ich Fr. Mariæ Felicitas
720 1430 2121 1544 Englmayrin Von ihren anligenden
720 1534 2158 1648 400 f. das anheunt Verfallene halb
709 1645 2164 1764 Iährige Intee. mit Zehen gulden rh.
713 1651 2709 1888 Vermög Quittung hiebey Idest 10 " - " -
658 1994 2146 2148 Den 17. Huius herrn P. Peter Schmer
722 2143 2142 2256 ling Von denen Sattlerischen 350 f.
718 2249 2177 2373 das anheunt Verfallene Iahrs Intee.
740 2362 2206 2470 mit Sübentzehen Gulden Vier Schil
733 2337 2704 2601 tung Crafft Quittung hiebey Idest 17 " 4 " -
693 2695 2174 2857 Dito zahlte Ich denen P. P. Serviten
710 2852 2149 2966 Von anligenden 1700 f. das anheint
709 2958 2175 3089 Verfallene halb Iährige Intee. mit Be
732 3072 2190 3197 nantlichen Zwey und Viertzig Gul
757 3197 2034 3341 den 4 s. gegen Quittung hiebey
791 3153 2706 3444 Idest 42 " 4 " -
966 3554 2289 3786 Latus 90 f. 6 s. 20 d.
4729 410 5383 621 f. s. d.
3193 740 4647 891 Auch Zahlte Ich herrn Peter Savoy Chor
3212 898 4629 1004 maister Bey St. Stephann Von anli
3203 1005 4644 1115 genden 200 f. das anheunt Ver fal
3211 1113 4613 1234 lene Iahrs Intee. mit Zehen gul
3207 1223 5415 1369 den gegen Quittung hiebey Idest 10 " - " -
3156 1440 4601 1609 Dan weegen der Matur oder Frue
3183 1599 4646 1713 Meess die ietzt Quatember Michäeli
3179 1712 4590 1826 Verfallene Süben Gulden zwey
3189 1816 5403 1960 Schilling ut Quittung Idest 7 " 2 " -
3164 2049 4563 2188 Von Habrelischen 500 f. das den 15.
3192 2179 4603 2291 diss Verfallene halb Iährige Intee.
3206 2285 4550 2401 mit Zwölff Gulden Vier Schilling
3190 2402 5390 2555 inhalt Quittung hiebey Idest 12 " 4 " -
3180 2622 4576 2754 Von anligenden 100 f. das den 4.
3190 2749 4609 2863 diss Verfallene Iahrs Intee. mit
3208 2864 4595 3001 Fünff Gulden Vermög Quittung
3186 2996 5407 3133 hiebey Idest 5 " - " -
3071 3190 4583 3375 Ingleichen zahlte Ich dem Iohann
3268 3482 4645 3750 Latus 34 f. 6. s. - d.
