5576 4246
2346 370 2733 583 f. s. d.
680 771 2172 932 mit Funfftzig gulden ut Quitt.
659 861 2725 1067 hiebey Idest 50 " - " -
580 1167 2177 1367 Ferrer zahlte Ich herrn Ignatio Boni
696 1345 2148 1456 vini Beneficiaten der Franckhischen
688 1453 2118 1578 Stüfftung die Ihme den 17. 7br.
686 1566 2226 1691 auff ain halb Iahr Verfallene Fünff
692 1688 2179 1820 und Sübentzig gulden Inhalt
698 1729 2726 1965 Quittung hiebey Idest 75 " - " -
688 2076 2086 2237 Auch Zahlte Ich mehr gemelten
688 2233 2187 2352 herrn Kreul weegen der Sonn und
686 2355 2176 2495 Feyertäg. Heyl. Meess Bey Vnsern
652 2484 2197 2601 Herrn die ietzt Michaelis auff
695 2601 2183 2736 ain halb Iahr Verfallene Dreyß
694 2731 2188 2889 ßig gulden Vermög Quittung hie
706 2778 2719 3010 bey Idest 30 " - " -
695 3109 2132 3282 Mehr zahlte Ich der Annæ Mariæ
697 3269 2175 3439 Fruhewührtin Von anligenden 150 f.
811 3511 2347 3755 Latus 155 f. - s. - d.
4857 375 5445 622 f. s. d.
3250 716 4710 863 das den 18. 7br. Verfallene Iahrs
3209 862 4683 974 Intee. mit Süben gulden Vier
3235 969 5459 1167 Schilling Crafft Quittung hiebey Idest 7 " 4 " -
3201 1208 4599 1385 Auch Zahlte Ich der dorotheæ
3203 1387 4684 1505 Pinerin Von ihren anligenden 200 f.
3205 1500 4652 1628 das den Letzten Aug. Verfallene
3186 1623 4655 1756 Iahrs Intee. mit Zehen gulden
3186 1742 5444 1912 Lauth Quittung Idest 10 " - " -
3189 1937 4664 2127 Mehr zahlte Ich dem Killian teppisch
3167 2122 4649 2238 Von seinen anligenden 7000 f. das
3192 2233 4625 2365 angestern Verfallene halb Iährige
3179 2352 4670 2483 Intee. mit Fün Hundert Fünff
3238 2466 4644 2606 und Sübentzig gulden gegen
3193 2589 5420 2767 Quittung hiebey Idest 175 " - " -
3170 2895 4638 3080 Hoc dato zahlte Ich Herrn Balta
3202 3075 4646 3205 sar Von Nollarn Dom herrn und Bene
3186 3198 4588 3366 ficiaten der Zwergerischen Stüfftung
3242 3444 4672 3666 Latus 192 f. 4 s. - d.
