5608 4286
2300 424 2721 605 f. s. d.
675 857 2107 987 die der Annæ Margaretta Mördin
673 991 2158 1113 auff ½ Iahr Verfallene 15 f. zusam
692 1106 2164 1230 ben Fünff und Achtzig gulden
686 1230 2161 1358 Inhalt Quittung Gwalt und zwey
718 1271 2719 1494 Handtbrieffl hiebey Idest 85 " - " -
626 1609 2119 1762 Dito zahlte Ich der Reginæ Salome
660 1746 2185 1875 Holtznerin die Ihr den 8. Aug. und
680 1869 2183 1998 angestern auff ½ Iahr Verfallene
679 1976 2156 2118 Holtznerische Intee. mit Fünff und
646 2112 2150 2255 Dreyssig gulden auff ihr Quit
684 2121 2723 2381 tung hiebey Idest 35 " - " -
601 2503 2129 2672 Ingleichen zahlte Ich Herrn Antoni
686 2655 2191 2769 Leickh Von seinen anligenden 1000 f.
689 2771 2167 2893 das anheunt Verfallene halb Iäh
697 2891 2171 3020 rige Intee. mit Fünff und Zwain
692 3015 2163 3169 tzig Gulden Inhalt Quittung hie
695 3018 2724 3280 bey Idest 25 " - " -
698 3322 2093 3513 Auch Zahlte Ich der Catharinæ
872 3604 2443 3830 Latus 145 f. - s. - d.
4864 370 5423 586 f. s. d.
3197 722 4663 870 Stroblin Von anligenden 100 f. das an
3203 878 4588 1000 heunt Verfallene Iahrs Intee. mit
3201 1010 4691 1151 Fünff gulden Vermög Quittung hie
3192 1147 5424 1290 bey Idest 5 " - " -
3154 1388 4625 1543 Den 24. dito zahlte Ich herrn Iohann
3192 1534 4643 1645 Baptistæ Kreul Leviten bey St. Ste
3189 1631 4681 1749 phann die weegen des Beneficii S. Tri
3179 1743 4630 1846 nitatis altar ietzt Quatember Mich.
3175 1848 4676 1975 Verfallene Zwaintzig gulden Crafft
3208 1964 5385 2103 Quittung hiebey Idest 20 " - " -
3173 2182 4672 2344 Dan weegen der tägl. Hey. Meess
3207 2341 4680 2447 bey Vnsern herrn die ietzt Quatemb.
3203 2441 4656 2559 Mich. Verfallene Zwey und Sech
3209 2560 4609 2686 tzig gulden 4 s. Lauth Quittung
3209 2679 5435 2819 hiebey Idest 62 " 4 " -
3212 2903 4655 3069 Eodem Herrn Leopolt Friderich Pfeiffer
3218 3059 4642 3176 des aussern Raths und Kirchen
3225 3169 4661 3295 maistern Bey St. Stephann Von der
3299 3432 4691 3690 Latus 87 f. 4 s. - d.
