5566 4240
2351 382 2696 559 f. s. d.
645 793 2120 926 600 f. das anheunt Verfallene Iahrs In
662 924 2136 1045 tee. mit Dreyssig gulden Crafft Quit
638 965 2699 1167 tung hiebey Idest 30 " - " -
596 1300 2143 1480 Dito zahlte Ich Herrn Wilhelmb Mäßler
621 1479 2147 1588 Von seinen anligenden 1500 f. das an
631 1583 2068 1704 heunt Verfallene Iahrs Intee. mit
631 1692 2107 1818 Fünff und Sübentzig gulden rh.
663 1713 2700 1953 Lauth Quittung hiebey Idest 75 " - " -
630 2051 2083 2222 Den 9. dito zahlte Ich denen P. P.
678 2215 2162 2327 Piarum Scholarum Von ihren an
691 2326 2155 2440 ligenden Pauckherischen 3000 f. das
687 2431 2134 2555 anheunt Verfallene Iahrs Intee.
707 2542 2146 2670 mit Ain Hundert vnd Funfftzig
716 2557 2700 2809 Gulden gegen Quittung Idest 150 " - " -
666 2908 2175 3108 Dito zahlte Ich der Barbaræ Fran
750 3096 2193 3215 cißca Reißingerin Von ihren erheb
739 3215 2180 3329 ten 1200 f. das den 8. diss Ver
736 3324 2157 3464 fallene halb Iährige Intee. mit
891 3538 2387 3801 Latus 255 f. - s. - d.
4862 340 5436 461 f. s. d.
3217 685 4690 839 Dreyssig gulden Vermög Quittung
3224 837 5427 974 hiebey Idest 30 " - " -
3220 1040 4709 1197 Den 10. dito zahlte Ich der Löbl. Burg.
3242 1190 4657 1304 Bruederschafft Maria Verkhündigung
3252 1298 4627 1402 im Profess hauß Von anligenden
3240 1400 4748 1514 1000 f. das den Letzten Aug. Verfal
3271 1509 4679 1631 lene Iahrs Intee. mit Funfftzig gul
3241 1626 5420 1775 den inhalt Quittung hiebey Idest 50 " - " -
3227 1845 4670 2003 Dito zahlte Ich Weyl. herrn Iohann
3222 1997 4704 2112 Adam von Eckh seel. hinterlassener Fr.
3224 2114 4735 2225 Wittib Sabina Regina Von anligenden
3245 2227 4681 2331 1000 f. das den 11. Aug. Verfallene
3240 2331 4663 2446 Iahrs Intee. mit Funfftzig gulden
3226 2438 4634 2559 Vermög Quittung und Legitimation
3231 2553 5427 2681 hiebey Idest 50 " - " -
3205 2679 4623 2830 Von 1000 f. Khomben die Intee. in die
3297 2807 3973 2927 Banco Rechnung
3166 2954 4592 3112 Ingleichen zahlte Ich der Maria
3258 3103 4717 3212 Leopoldinæ Meischingerin uon ihren
3265 3205 4689 3338 500 f. das den Letzten Aug. auff
3354 3405 4691 3665 Latus 130 f. - s. - d.
