5582 4284
2380 401 2732 579 f. s. d.
723 795 2181 941 Rukher Von denen Leonhardt Poden
707 943 2193 1050 peerischen 200 f. das den 15. diss
689 1051 2176 1168 Ver fallene Iahrs Intee. mit Zehen
710 1104 2719 1301 Gulden Crafft Quittung Idest 10 " - " -
668 1384 2212 1544 Nichtweniger zahlte Ich denen Kirchen
721 1530 2108 1639 Vättern in der Leopoltstatt Von
722 1636 2164 1754 anligenden 800 f. das den 12. diss
684 1758 2134 1890 Verfallene Iahrs Intee. mit Viertzig
700 1798 2722 2030 gulden Lauth Quittung Idest 40 " - " -
685 2118 2191 2261 Von 1000 f. das den 13. Aug. Verfal
708 2246 2036 2369 lene Iahrs Intee. mit Funfftzig
728 2357 2084 2503 Gulden gegen Quittung hiebey
757 2379 2712 2616 Idest 50 " - " -
678 2705 2146 2894 Den 18. zahlte Ich |:titl:| herrn Carl
696 2882 2062 3015 Ioseph Loyselli Von anligenden
713 3010 2128 3133 1500 f. das anheunt Verfallene
691 3131 2167 3267 Iahrs Intee. mit Fünff und Süben
694 3255 2142 3421 tzig gulden ut Quittung hiebey
1740 3200 2710 3457 Idest 75 " - " -
770 3565 2339 3824 Latus 175 f. - s. - d.
4740 507 5424 686 f. s. d.
3185 676 4719 919 Dito zahlte Ich der Löbl. Bruederschafft
3251 909 4696 1009 bey denen P. P. Franciscanern Von
3253 1017 4710 1134 denen zur Zeller Procession gehöri
3244 1130 4689 1242 gen 900 f. das anheunt Verfal
3249 1241 4658 1374 lene Iahrs Intee. mit Fünff und
3221 1375 4670 1507 Viertzig gulden Inhalt Quittung
3245 1499 5431 1635 hiebey Idest 45 " - " -
3213 1707 4672 1868 Den 18. zahlte Ich der Löbl. Brueder
3228 1863 4669 1985 schafft bey denen P. P. Serviten Von
3238 1981 4657 2097 denen anligenden Einsidlerischen
3234 2097 4635 2212 300 f. das anheunt Verfallene
3222 2214 4701 2342 halb Iährige Intee. mit Süben gul
3237 2333 4700 2484 den Vier Schilling gegen Quittung hie
3257 2463 5412 2611 bey Idest 7 " 4 " -
3223 2672 4674 2835 Den 19. zahlte Ich Fr. Euæ Rosinæ
3238 2825 4714 2948 Aichbergerin Von ihren anligenden
3241 2947 4720 3077 2500 f. das anheunt Verfallene Iahrs
3230 3066 4700 3202 Intee. mit Ain Hundert Fünff
3238 3189 5418 3350 und Zwaintzig Gulden Idest 125 " - " -
3358 3488 4886 3755 Latus 177 f. 4 s. - d.
