5528 4206
2281 464 2652 616 f. s. d
633 823 2066 962 enthalb der Schlagbruckhen Von
642 959 2140 1071 denen anligenden Mauschischen 200 f.
621 1072 2127 1187 das anheunt Verfallene Iahrs In
626 1183 2135 1297 teresse mit Zehen gulden in
642 1235 2649 1439 halt Quittung hiebey Idest 10 " - " -
591 1510 2153 1676 Den 5. Huius zahlte Ich |:titl:| herrn
642 1663 2130 1788 Heinrich Frey herrn Von Heyel Von
651 1782 2162 1902 denen anligenden Vlostorffischen 5 f.
651 1899 2119 2036 das anheunt Ver fallene halb Iähr.
645 2022 2079 2145 Intee. mit Ain Hundert Fünff
662 2136 2104 2277 und Zwaintzig gulden gegen
672 2184 2652 2401 Quittung hiebey Idest 125 " - " -
606 2474 2134 2684 Den 6. dito zahlte Ich |:titl:| Herrn
680 2663 2134 2797 Abbt Antoni de Monte Serrato Von
693 2801 2103 2928 denen geittingerischen 2000 f. das
679 2920 2069 3059 anheunt Ver fallene Iahrs Intee.
694 3042 2130 3182 mit Ain Hundert gulden ut
693 3066 2651 3304 Quittung hiebey Idest 10 " - " -
606 3311 2134 3508 Dito zahlte Ich dem Iohann Geörg
923 3593 2341 3816 Latus 235 f. - s. - d.
4819 414 5373 590 f. s. d.
3173 731 4569 876 Einsidler Von angelegenen 2000 f. das
3160 874 4645 985 Von 3. biß 40. 7br. 1717. auff ⅙ Mo
3184 990 4651 1099 nath Ver fallene Intee. mit 1 f. 33 t.
3180 1098 4639 1205 dan über betzahlte 400 f. Von noch Ver
3183 1203 4640 1310 bliebenen 1600 f. Von 10. Septemb. 717.
3176 1312 4620 1423 biß 17. Mertz 718. auff 6 ⅕ Monath
3176 1425 4661 1537 41 f. 20 kr. das über abschlag betzahl
3182 1532 4626 1637 te 500 f. Von nach anligenden 1160 f.
3154 1642 4611 1758 Von 17. Mertz biß angestern auff
3170 1755 4599 1865 5 ⅔ Monath 25 f. 58 kr. zusamben
3157 1859 4629 1977 Acht und Sechzig gulden Fünff
3170 1977 4604 2119 Schilling 14 d. Inhalt Quittung hie
3180 2123 5392 2269 bey Idest 68 " 5 " 14
3135 2308 4622 2482 Dito widerumb herrn Abbt Antoni de
3161 2465 4622 2597 Monte Serrato Von denen Bayrischen
3164 2589 4547 2702 300 f. das anheunt Verfallene
3159 2696 4636 2843 Iahrs Intee. mit Funfftzehen Gulden
3170 2819 5381 2986 Vermög Quittung Idest 15 " - " -
3098 3053 4577 3225 Den 7. dito der Maria Barbaræ
3138 3210 4544 3363 Winckhlerin uon ihren anligenden
3300 3439 4695 3745 Latus 83 f. 5 s. 14 d.
