4827 4072
2821 300 3978 859 Außgab
2966 853 4012 996 auf die Cantorey bey St.
3241 979 3696 1091 Stephan
2835 1159 4008 1281 Den 13. Ianuarii Anno etc 1652. Zalte
2861 1266 4033 1351 Ich herrn Iohann Wünsawer Can
2867 1346 4072 1420 torn Zue St. Stephan die wegen des
2855 1410 4085 1495 praeceptoris für die Canthorey Khna
2854 1485 4061 1564 ben den 5. diß Monaths verfallene
2859 1558 4059 1647 Quartalß besoldung inhalt Quit.
2876 1633 4047 1717 hiebey benendtlichen Siben vnd
2867 1709 4039 1812 dreyssig Gulden Vier Schilling
3693 1748 4539 1868 Idest 37. f 4 " -
2810 2008 4013 2117 Den 24. dito Zalte ich auch Hannsen
2861 2101 4026 2181 Puechner gewesten Instrumental
2864 2175 4011 2260 Musicos bey St. Stephan sein von
2867 2243 4032 2337 1. Iulii biß lesten xbr. 651 ver
2868 2326 4028 2409 fallenes halb Iahriges deputat
2859 2406 4024 2490 benendtlichen fünff vnd Zwainzig
2863 2480 4041 2576 Gulden rh. vermüg Quit. hiebey
3716 2539 4546 2658 Idest 25. f - " -
2813 2754 4028 2930 Den 27. dito Zalte Ich Iohann Leon
2847 2925 4049 3025 hardt Vischern Mauthnern Vnder
2986 3152 4126 3459 Latus 62 f 4 s - d.
