4806 4049
674 554 1970 758 Gleichsfalß Zalte Ich auch dem Wein
787 744 1981 836 Commissario vnder den Rottenthurn
819 819 1961 907 sein gebührendte 14.tägige besol
785 898 1974 990 dung benendtlichen fünff Gul
775 979 1964 1080 den rh. Cafft Quittung hie
803 1006 2263 1170 bey Idest 5. f - " -
744 1388 1924 1507 Bemelten tag Zalte Ich auch
775 1490 1925 1582 denen beeden Infections Commis
799 1579 1928 1659 sarien am Thäbor die Ihnen an
796 1656 1939 1743 heundt verfallene Vierzöhen tä
780 1733 1949 1825 gige besoldung benendtlichen
821 1816 1900 1904 Acht Gulden reinisch gegen
785 1854 2297 2032 Quittung hiebey Idest 8 f - " -
733 2312 1940 2425 Deßgleichen Zalte Ich auch denen
806 2422 1942 2508 Vier Petlgesindts aufsehern
823 2501 1942 2594 ihr gebührendte Vierzöhen täg
809 2582 1997 2685 ige besoldung inhalt Quit
821 2676 1957 2780 tung hiebey benendtlichen
803 2775 1930 2882 Sechzehen Gulden reinisch
1334 2786 2252 2981 Idest 16 f - " -
681 3102 2086 3535 Latus 29. f - s - d.
2770 599 3950 721 Den 1. febr. Zalte ich abermallen
2822 717 3950 789 offtbesagten beeden Wein Com
2824 789 3972 863 missarien vnder den Khärner
2818 860 3961 940 thor die Ihnen mit heutigen
2800 938 3978 1016 tag verfallene 14 tägige be
2838 1011 4010 1121 soldung benendtlichen Zöhen Gulden
2850 1069 4494 1207 rh. Idest 10. f - " -
2769 1422 3980 1534 Eodem die Zalte ich auch denen
2826 1528 4001 1603 beeden Wein Commissarien vnder
2826 1602 3969 1682 den Schottenthor ihr gebührente
2807 1680 3990 1753 14 tägige besoldung benendtlichen
2783 1748 4023 1846 Zöhen Gulden rh. vermüg Quit.
2802 1819 4467 1961 hiebey Idest 10. f - " -
2758 2149 3917 2268 Insimili Zalte ich auch dem
2802 2263 3932 2333 Wein Commissario vnder den
2817 2336 3970 2417 Rottenthuern sein verfallene
2804 2414 3998 2501 14 tägige besoldung benendt.
2845 2500 3983 2596 fünff Gulden rh. ut Quit.
2798 2562 4457 2710 hiebey Idest 5. f - " -
2820 2774 3941 2963 Ebenfahlß Zalte ich auch denen
2888 3103 4157 3404 Latus 25. f - s - d
