4832 4066
746 676 1913 780 vnder dem Purckhthor sein wegen
735 780 1908 859 deß mit den Violn in  St. Stephans
727 854 1950 937 Thumbkhierchen bey den H. Aünttern
740 930 1915 1022 verrichten diensten von Iulii
737 1005 1940 1089 bis lesten xbr. 1651. verfallene
716 1086 1930 1166 besoldung benendtlichen Zwain
731 1172 1908 1261 zig Gulden rh. laut Quitung
728 1106 2311 1318 hiebey Idest 20. f - " -
635 1502 1943 1645 Eodem die Zalte ich auch herrn Iohann
740 1636 1906 1723 Ludwig Meda dr. wegen Curier
738 1721 1929 1802 ung der Canthorey Khnaben bey
725 1790 1919 1874 St. Stephan sein auf das verwiche
723 1870 1938 1955 ne 1651iste Iahr gebührendte be
737 1949 1922 2027 soldung vnd Zwar weillen der Can
741 2025 1906 2105 thorey Khnaben mehrer alß vor
726 2103 1949 2186 disem auch vmb Sechs Gulden mehrer
744 2178 1940 2267 vnd also Crafft dessen Quitung hie
753 2261 1950 2356 bey benendtlichen Zwainzig Gul
750 2222 2305 2421 den rh Idest 20 f - " -
695 2551 1976 2789 Den 8. febr. Zalte ich herrn Wende
751 2784 1957 2866 lin hueber organisten bey St.
754 2852 1972 2946 Stephan sein von 8. 9br. 1651 bis
765 2945 1952 3026 obigen dato verfallene ordinari
769 3024 1966 3141 Quartals besoldung benendtlichen
689 3265 1995 3556 Latus 40 f - s d
2820 551 4086 680 Siben vnd dreyssig Gulden rh.
2898 676 4077 771 Vier Schilling vermüg Quitung hie
2893 735 4563 851 bey Idest 37. f 4 " -
2819 1041 4111 1155 Eodem die Zalte ich ieztgedachten orga
2887 1142 4116 1219 nisten wegen der Verrichten Extra
2886 1214 4116 1289 ordinari Sonn vnd Feuertäglichen
2887 1281 4106 1357 diensten in der Capellen ad Salua
2878 1352 4093 1431 torem die mit heütigen tag ver
2860 1422 4108 1508 fallene halb Iährige diensts besol
2845 1500 4105 1580 dung sambt dem Calconten geldt
2882 1576 4083 1658 benendtlichen Funffzechen Gulden
2889 1620 4493 1762 rh. ut Quit. hiebey Idest 15 f - " -
2768 1920 4090 2054 Ich Zalte auch mehrbemelten orga
2838 2032 4055 2113 nisten bey St. Stephan wegen
2876 2101 4082 2188 der verrichten duplese Ämbter
2882 2173 4118 2276 sein von 8. Aug. 1651. biß 8. Febr.
2879 2251 4141 2344 diß Iahr verfallenes halb Iähriges
2865 2336 4082 2407 deputat benendtlichen fünff vnd
2902 2406 4074 2497 Zwainzig Gulden rh. Inhalt
2888 2476 4542 2587 Quit. hiebey Idest 25. f - " -
2771 2709 4046 2872 Nicht weniger Zalte ich auch offtbe
2876 2852 4052 2936 sagten organisten Zue St. Stephan
2903 2918 4058 3035 sein von 8. Aug. 1651. bis heut
2830 3150 4135 3457 Latus 77 f 4 s d
