4823 4056
790 693 1948 815 stophen Ziegler Gem. Statt Buech
802 805 1960 888 halterey Verwohnten über die
797 874 1993 968 vorher den 2. 9br. bezalten dreys
802 959 1974 1051 sig Gulden ainezo den rest seiner
810 1036 1980 1130 mit lesten diß Monaths verfal
802 1116 1995 1205 lenen besoldung völlig benendt.
809 1205 1944 1274 Zwainzig Gulden rh. gegen
800 1167 2310 1355 Quit. hiebey Idest 20. f - " -
748 1484 1920 1666 Ebenmessig Zalte ich auch herrn
784 1658 1941 1750 Blasius Mörzen auch Gem.
800 1728 1976 1824 Statt Buechhalterey Verwohnten
807 1821 1985 1911 über die vorher bezalten Zwain
785 1906 1983 1996 zig Gulden aniezo den rest seiner
772 1991 1934 2073 mit 22. Ianuarii 1653. ver
755 2064 1958 2149 fallenten dienst besoldung be
788 2148 1966 2254 nentlichen dreyssig gulden
808 2138 2315 2302 rh.  Idest 30. f - " -
747 2418 1923 2535 Zue merkhen daß weillen sich
790 2525 1906 2612 die ersezung deß Ober Camer
806 2604 1932 2686 Ambts an heuer etwas lang
807 2677 1990 2765 verzogen alß hab ich nachuolgenden
795 2758 1954 2840 Partheyen auf daß 1653iste
790 2834 1979 2922 Iahr Ihre besoldungen hinaus
864 2919 1822 3006 gegeben vnd bezalt alß
1194 2994 1516 3076 Nemblich
857 3173 1980 3480 Latus 50. f - s - d.
2785 520 3957 686 Den 4. Ianuarii 1658. denen
2836 678 3985 752 vorbemelten beeden Wein Com
2844 756 3961 836 missarien vnder den Khörner
2830 827 3989 913 thor die Ihnen verfallen 14 täg
2806 910 3998 1001 ige besoldung benendtlichen Zöhen
2798 996 3984 1110 Gulden rh. Inhalt Quittung hie
2803 1070 4497 1209 bey Idest 10. f - " -
2799 1333 3989 1474 Item denen beeden Wein Commisa
2828 1476 4001 1565 rien vnder den Schottenthor die Ihnen
2817 1560 3962 1643 an heundt verfallene 14 tägige
2800 1640 3975 1733 besoldung benendtlichen Zöhen
2840 1733 3982 1835 Gulden rh. vermüg Quitung
2813 1829 4518 1967 hiebey Idest 10. f - " -
2792 2054 3945 2217 Mehr dem Weinn Commissario
2831 2214 3983 2298 vnder den Rottenthuern sein ge
2839 2293 3982 2384 bührendte 14 tägige besoldung
2827 2382 3985 2472 benendtlichen fünff gulden
2823 2462 4529 2612 rh. vt Quit. hiebey Idest 5. f - " -
2777 2727 3992 2886 Ingleichem denen beeden Thäbor
2824 2879 3985 2996 Commissarien auch ihr gebühr
2888 3091 4163 3419 Latus 25. f - s - d.
