4787 4059
2735 239 3896 737 Außgab
2883 727 3975 861 auf die Burgerschuel bey
2981 846 3655 983 St. Stephan
2766 1034 3945 1159 Den 23. Martii Anno etc 1652. Zalte ich
2802 1148 3906 1233 herrn Caspar Iohann Pieripach
2799 1220 3918 1300 Rectorn auf der burgerschuel
2797 1305 3932 1378 Zue St. Stephan alhier sein vom
2797 1372 3953 1454 26. xbr. 651. bis 21. febr. 652
2801 1444 3972 1526 verfallene Quartalß besoldung
2798 1517 3999 1603 benendtlichen Sechs vnd Sibenzig gul
2770 1573 4491 1701 den rh. ut Quitung hiebey Idest 76 f - " -
2728 1922 3924 2034 Den lesten Iunii Zalte ich herrn
2799 2015 3958 2096 Caspar Iohann Pieripach Rectorn
2818 2086 3933 2172 auf der burgerschuel Zue St. Ste
2817 2154 4018 2241 phan sein mit Quatember Phingsten
2811 2238 4002 2309 verfallene Rectorats Quartals
2802 2310 3980 2385 besoldung benendtlichen Sechs vnd
2805 2380 3991 2468 Sibenzig Gulden rh. laut Quit.
2819 2418 4496 2563 hiebey Idest 76 f - " -
2769 2650 3998 2853 Den 26. 8br. Zalte ich herrn Cas
2827 2841 3964 2920 par Iohann Pieribach der burger
2814 2918 3951 3026 schuel bey St. Stephan alhier Rec
2898 3138 3991 3459 Latus 152 f - s - d
