4801 4069
774 638 1919 767 endte 14. tägige besoldung ut
773 743 1947 853 Quitung hiebey benendtlichen Acht
767 796 2229 943 Gulden rh. Idest 8. f - " -
692 1089 1908 1249 Deßgleichen auch denen Vier Pedl
791 1228 1903 1334 gesindts aufsehern die Ihnen
785 1305 1941 1417 an heundt verfallene 14 tägige
765 1392 1963 1503 besoldung benendtlichen Sechzehen
805 1493 1959 1596 Gulden rh. Crafft deren Quit
783 1518 2241 1683 tung hiebey Idest 16 f - " -
750 1947 1975 2070 Den 17. dito Zalte Ich dem Leonhardt
782 2070 1941 2160 Khärner Gem. Statt reston
803 2152 1914 2246 ten Commissario die Ihmb an
796 2226 1935 2330 heundt verfallene Monatliche
769 2318 1948 2426 besoldung benentlichen Zwölff
765 2423 1942 2517 Gulden Vier Schilling gegen
792 2457 2268 2643 Quittung hiebey Idest 12 f 4 " -
726 2745 1922 3001 Den 18. dito Zalte ich auch dem
794 2984 1962 3106 Caspar Leib Rumermaistern
763 3187 2117 3535 Latus 36 f 4 s d
2815 602 3998 710 die für Ihmb seinen Corporallen
2822 705 3987 790 vnd andern Ailff Soldaten an
2815 792 4000 880 heundt verfallene diensts besol
2804 870 3995 975 dung benendtlichen Sechs vnnd
2805 976 3972 1064 SibenZig Gulden rh. vermüg
2802 1063 3870 1178 geförttigter Toll hiebey
3548 1154 4552 1299 Idest 76. f - " -
2759 1381 3987 1518 Ich Zalte auch disen tag mehr vor
2801 1508 3959 1599 bemelten beeden Weinn Com
2792 1595 3972 1697 missarien vnder den Khärner
2787 1680 3954 1775 thor die ihnen mit heutigen
2807 1772 3969 1860 dato verfallene Vierzöhen täg
2823 1861 3938 1958 ige besoldung benendtlichen
2809 1950 4022 2064 Zöhen Gulden rh. laut Quit.
2800 2046 4535 2184 hiebey Idest 10. f - " -
2728 2359 3944 2491 Ingleichem Zalte ich auch denen
2768 2476 3947 2563 beeden Wein Commissarien vnder
2815 2560 3964 2645 den Schottenthor die Ihnen ge
2817 2645 3981 2732 bührendte besoldung auf Vier
2797 2733 3961 2827 zöhen tag benentlichen Zöhn
2792 2827 3949 2929 Gulden rh. ut Quittung hie
2818 2890 4543 3017 bey Idest 10. f - " -
2800 3097 4169 3415 Latus 96 f - s - d
