4751 3934
635 368 1956 519 Den dreytzehenden Eiusdem Setze Ich
706 518 1919 627 hiemit in Empfang Nach dem ain
705 625 1918 735 Löblicher Statt Rath etc. weegen der
705 736 1879 860 hinreckh gebrochnen Heüßer vnd
683 851 1930 974 steür bahren Purschen so Zu der herrn
678 967 1926 1097 P. P. der societet Iesu Neüen Khierchen
679 1101 1917 1206 gebeü khamben dahin tractation
685 1206 1931 1339 gepflogen des wollgedachte herrn
679 1323 1896 1441 Patres für sollch Gemainer Statt
675 1446 1871 1564 Iarlich gebüerenden steüer Vnd
688 1565 1924 1685 andern herrn forderung benent
682 1690 1876 1811 lichen Acht Tausent dreyhundert
665 1816 1817 1947 gulden Reinisch auf Interesse
660 1952 1905 2063 antzulegen hergegeben Welliche
647 2066 1886 2188 Summa geldts alß dan Zu Gemai
663 2186 1831 2312 ner Landtschafft vmb Sechs Per
650 2322 1791 2422 Cento gegen ainer Von herrn
656 2428 1894 2554 Ein Nember Balthaser Thurner
654 2547 1897 2673 gebreüchigen ambts bekhandthnuß
633 2676 1918 2804 datiert den Anderten Octobriß
648 2813 1862 2926 Anno 1627 auf Ewig aldahin ange
644 2929 1848 3091 legt worden Alß hab ich von
2828 356 3988 498 solch benanter Summa mit abrait
2828 495 3932 613 tung Gemainer Statt Wienn
2834 606 3976 726 schuldigen Landts anlagen daß
2816 726 3982 838 dauon Verfallene Interesse be
2824 836 3933 951 nentlichen Vierhundert Acht
2819 954 3939 1075 vnd Neüntzig gulden reinisch
2821 1070 3322 1193 Empfangen
3596 1086 4512 1301 Idest f. 498. s - d -
2741 1397 3919 1550 Den ZwenvndZwaintzigisten No
2803 1557 3882 1671 uembriß Erlegt Hannß Mau
2791 1677 3920 1772 vor burger vnd Leütgeb alhie
2775 1781 3898 1887 Alß wellicher das Hönigbeste
2804 1892 3898 1986 her ambt Von Gemainer
2772 1988 3976 2104 Statt im bestandt hat In abschlag
2773 2094 3863 2209 deß ausstandts benentlichen
2755 2219 3833 2356 Zwaintzig gulden Reinisch
3353 2364 4482 2546 Idest f. 20. s - d -
2679 2697 3752 3043 Latus 518 f.
