4741 3935
694 381 1951 527 Erlegt florian Khettner burger vnd
686 524 2052 638 Schneider alhie weegen aines Thürndl
693 642 1970 761 in seinem hauß im Cramer gäßel
692 752 1949 885 gelegen den von Georgii Anno 1616 bis
680 889 1843 1005 widerumb Georgii diß Iahrs alß
651 1007 1963 1129 Zwölff Iahr iedes Iahr drey schilling
662 1132 1917 1253 Zehen Pfening Zusamben benentlichen
716 1267 2341 1472 Fünff gulden reinisch Idest f. 5. s - d
630 1635 1861 1768 Den fünfften octobriß Empfieng
681 1768 1831 1888 Ich von dem Edlen Gestrengen
666 1877 1832 1996 vnd hochgelehrten herrn Christian
649 1984 1860 2105 Schäffler beeder Rechten Doctor Röm.
651 2100 1883 2230 Khay. Maytt. Rath vnd N.Ö. Regi.
646 2224 1903 2336 Cantzler etc. In Namben vnd anstatt
637 2332 1836 2443 weillendt frauen Eua Von Spin
656 2445 1821 2567 sitz hieuor Catharina Weissin
666 2569 1879 2676 see. Erben weegen der auf Ihrer
656 2663 1842 2791 behaußung in der Riemerstrasß
634 2796 1784 2923 ligenden vnd Zu Thoma Payrn
664 2931 1912 3063 see. stifft gehörigen Fünfftzig gul
604 3121 1560 3320 Latuß per Se.
2798 379 4016 511 den Burckhrecht den dauon Von Micha
2822 503 4069 610 elii Anno 1612 biß widerumb Michaeli
2807 613 3992 727 Anno 1628 Von Sechtzehen Iahren Ver
2797 726 4008 831 fallnen vnd ausstendigen Burckh
2801 830 3993 1011 rechts Zinß benentlichen Viertzig
2833 956 3413 1104 gulden Reinisch
3650 985 4521 1165 Idest f 40. s - d -
2757 1338 3922 1468 Eodem die Erlegt gleichsfahls Isee
2791 1478 3948 1581 Muettes gleich huettstepper alhie
2799 1580 4031 1699 von denen Sechtzig Pfundt Vngrisch
2795 1697 3937 1809 so auf seiner Behaußung in der
2764 1807 3975 1930 Singerstrasß Burckhrechts weiß
2780 1933 4027 2073 ligendt vnd Zu Caspar GrießPeckhen
2769 2052 3925 2182 stifft gehörig seint den Von Ge
2774 2172 3930 2295 orgii Anno 1618 biß widerumb Georgii
2770 2284 3992 2408 des ietzt Verschinen 1627. Iahrs als
2773 2414 3912 2521 Neün Iahr verfallnen vnd aussten
2769 2524 3958 2645 digen Zinß Iarlichen Vier gulden
2766 2645 3967 2753 vier schilling thuet Zusamben be
2790 2763 3978 2894 nentlichen Viertzig gulden Vier s.
3647 2871 4504 3069 Idest f. 40 s 4 d -
2716 3004 3706 3261 Latus 80 f. 4 s
