4764 3961
2843 208 4347 719 Empfang Burckh
3403 654 3859 769 recht Zinß
2833 1050 3931 1202 Erstlichen den Lesten Februarii
2803 1207 3935 1318 Anno Sechtzehenhundert Acht vnnd
2785 1316 3948 1426 Zwaintzig Betzalten die Ehrwür
2793 1411 4015 1539 dig vnd Geistlichen Iungfrauen des
2788 1537 3931 1647 Closters St. Nicolai alhie als Inha
2776 1646 3977 1759 berin Georgen Suttingers Tischlers
2775 1762 4051 1883 behaußung Zu negst besagtes Clösterls
2788 1879 3944 1993 in der Singer strasß ligent Von
2782 1993 3965 2107 denen Ainhundert pfundt pfenig
2792 2093 3988 2213 so auf besagtem hauß Purckhrechts
2771 2216 3945 2330 weiß ligendt vnd Zu Anna Feldt
2762 2330 3948 2435 khiercherin see. stifft gehörig sein
2775 2438 3953 2542 den dauon von Palmarum Anno 1625
2774 2545 3922 2664 biß widerumb auf den Suntag Pal
2786 2665 3934 2773 marumb dises Iahrs alß drey
2770 2779 3872 2901 Iahrs Zünß mit Fünfftzehen
2808 2900 3438 3020 gulden Reinisch
3616 2899 4463 3085 Idest f. 15. s - d -
2859 3139 3704 3403 Latus per See.
