6251 4730
3812 261 5096 872 Empfang
3692 897 5264 1061 An Interessen Von denen Ein
3730 1056 5212 1190 gehandlet und Gmr Statt Ce
3890 1176 4887 1319 dirten Capitalien
3658 1371 5205 1585 Desgleichen Empfange ich aus
3712 1570 5228 1719 der Banco Haubt Cassa Von denen
3682 1693 5209 1827 alda anligend und Von den Iuden
3643 1821 5230 1972 Marx Schleßinger Gmr. Statt Ce
3653 1955 5181 2093 dirten 30000 f Capital das hie
3673 2074 5255 2213 Von Von ersten Ianu. bis Lezten
3665 2214 5146 2348 Xb. 744 auf ain Iahr à 5 pro
3682 2341 6036 2486 cento Verfallene Intee. mit 1500 f - kr
3665 2613 4602 3021 Suma per Se.
