6264 4732
2572 590 3124 773 f kr d.
800 722 2450 1003 Dan empfange ich Von denen
810 998 2454 1141 Cedirt Balthasar Paul Mayrischen
835 1149 2432 1265 500 f darlehen Capital ain Iahrs
801 1273 2418 1410 Intee. à 5 pro Cento bis 31.ten Xb.
826 1401 3127 1531 744 mit 25 " - " -
812 1646 2382 1817 Ingleichen empfange ich Von
826 1824 2394 1963 denen anno 740. wegen des
833 1964 2329 2091 Sacher. abfarth. gelts an Gmr
827 2105 2331 2239 Statt qirirten giro post per
792 2221 2424 2357 607 f 34 kr ain Iahrs Intee. bis
781 2356 3094 2512 Lezten Xb. 744 à 5 p. mit 30 " 20 -
773 2576 2439 2753 Ebenfahls empfange ich aus der
700 2757 2388 2910 Banco Haubt Cassa Von denen
781 2902 2377 3024 Von der Pupillen Raitt Camer
806 3018 2354 3157 wegen des Nicola Salictischen
790 3162 2362 3309 Abfarth gelds und todtenfahls
821 3301 2386 3423 tax übergebenen und untern
806 3424 2406 3570 ersten octo. 744. auf das Ober
785 3572 2337 3698 Camer Ambt umbgeschribenen
795 3700 2393 3889 1000 f die hierVon Von 30.ten Martii
2380 3813 3085 4052 55 f 20 kr
5347 603 6054 861 f kr d.
3727 857 5286 1067 744. bis ersten octo. auf ½ Iahr
3725 1070 5226 1201 à 5 pro Cento Verfallen geweste
3702 1211 5916 1341 Intee. per 25 " - " -
3753 1415 5229 1589 Item empfange Von denen
3718 1593 5193 1733 Von der Pupillen Raitt Camer
3718 1728 5207 1860 wegen des Gundlischen abfarth
3702 1864 5177 2010 gelts übergebenen Folglichen
3692 1969 5218 2121 untern ersten octo. 744 auf
3716 2106 5235 2264 das Ober Camer Ambt umbgeschri
3703 2226 5145 2394 benen 200 f die hierVon Von
3679 2366 5221 2517 24.ten Merz bis ersten octo. 744.
3685 2497 5190 2634 auf 6 Monath 6 tag à 5 pro Cento
3692 2630 5966 2776 Verfallen geweste Intee. mit 5 " 10 " -
5193 2846 5951 2984 30 f 10 kr
3619 2969 5318 3298 Summa über Vorstehenten
4059 3282 4726 3449 Empfang
3950 3510 5180 3768 70284 f 56 kr - d.
