6274 4739
3784 302 5147 919 Empfang
5399 770 6004 880 f kr d.
3606 986 5305 1179 An Interesse von denen von der
3710 1143 5235 1279 Extra Würthschaffts Cassa über
3715 1259 4938 1391 nohmenen Capitalien
3660 1442 5233 1614 Ebenfalls so empfange ich aus
3623 1606 5240 1768 der Banco Haubt Cassa Von denen
3704 1737 5198 1884 durch die erricht geweste Extra
3694 1878 5208 2008 ord. Würtschaffts Cassa einge
3674 1974 5257 2130 handlet gehabten 400 f giro Cap.
3663 2122 5293 2268 hieran aber noch Testirenden 50 f
3688 2256 5220 2396 das bis Lezten Xb. 744 à 5 pro
3684 2374 5898 2512 cento Verfallenen Intee. mit 2500 " - " -
3671 2560 5190 2735 Item Empfange ich Von denen
3659 2724 5229 2853 Von Marx Schleßinger wegen der
3660 2818 5228 2966 ihme Von der Extra Cassa Anti
3646 2967 5209 3106 cipirten 400 f. und dargegen
3667 3084 5214 3228 eingelegt Frantz Antoni Cassierischen
3632 3201 5251 3352 Giro post per 338960 f das hieVon
3608 3337 5203 3490 Von ersten Ianu. bis den Lezten
3640 3466 5240 3617 Xb. 744 auf ain Iahr à 5. per Cento
3631 3523 5869 3774 Verfallene Intee. mit 16948 " - " -
5043 3790 6024 3965 19448 f - kr
