6251 4705
2653 653 3142 785 f kr d
889 852 2497 996 angelegt und Bißhero anligend
840 1007 2483 1130 Verblibenen 150677 f die hier Von
840 1138 2456 1262 Von ersten Ianu. bis Lezten Xb.
849 1272 2507 1397 744. auf ain Iahr Verfallen und
870 1406 2442 1523 in denen 4. gewöhnlichen quar
837 1533 2501 1669 tallen erhobene 6. pro Cento Intee
839 1677 3105 1839 Von Betrag in einer Suma per 9040 " 25 " -
816 1880 2415 2027 Item Bringe ich auch anhero per
798 2039 2480 2158 Empfang Von denen zur Banco
803 2165 2399 2288 Haubt Cassam Von dem Ober
813 2301 2458 2430 Camer Ambt Von ersten Iulii 724
823 2440 2396 2570 bis Ersten octo. 744. nach aus
827 2567 2403 2707 weiß Beyligender Specification
837 2700 2399 2834 à 5 p. angelegt und bis anhero
835 2841 2396 2965 anligend Verblibenen Capita
818 2967 2378 3112 lien per 1075964 f die hier Von
805 3116 2411 3254 Von ersten Ianu. bis Lezten Xb.
810 3265 2453 3395 744. auf ain Iahr Verfallen und
803 3395 2441 3514 in denen 4. quartallen erhobene
796 3529 2390 3664 Intee Von Betrag in einer
716 3642 3088 3858 Suma per 53720 " 33 " -
2330 3773 3085 4000 62760 f 58 kr
5401 619 5994 760 f kr d
3655 736 5281 977 Ferers empfange ich aus der Banco
3639 993 5216 1121 Haubt Cassa Von denen in Bey
3662 1116 5254 1245 ligender Specification angesezten
3674 1243 5221 1370 Capitalien den hieVon Von einer
3658 1362 5211 1503 Hochlöbl. Ministerial Banco Depu
3652 1491 5230 1628 tation Gmr Statt Iähr. zu Bezallen
3654 1624 5180 1769 Verwilligten 6.ten pro Cento so
3672 1735 5174 1884 Betragen Vor diss 744te Iahr
3695 1868 6019 2012 Benent. 1893 " 28 " -
3673 2021 5232 2191 Nicht weniger empfange ich aus der
3646 2178 5152 2325 Banco Haubt Cassa Von denen
3656 2286 5213 2451 Gmr Statt Cedirt Iohann Paul Fre
3673 2435 5132 2564 chischen 1000 f darlehen Cap. ain
3648 2557 5171 2721 Iahrs Intee à 5 pro. bis 31.ten
3634 2698 6054 2831 Xb. 744 50 " - " - "
3648 2907 5148 3112 Item Von denen Von Mayr
3640 3072 5176 3256 Hirschl Cedirt Daniel Moßer.
3635 3225 5103 3367 1000 f darlehen Capital ain
3640 3347 5186 3521 Iahrs Intee. à 5 pro Cento bis den
3632 3492 5960 3674 Lezten Xb. 1744 mit 50 " - " -
5051 3767 6029 3951 1993 f 28 kr
