6260 4735
829 854 2453 1023 Nichtweniger empfange ich aus dem
842 1030 2488 1154 König. Bancalitäts Militar zahl Ambt
834 1161 2430 1280 Von denen Von erstbemelten Iuden
825 1274 2462 1387 Marx Schleßinger wegen gedacht anti
825 1388 2431 1507 cipirten 400 f Gmr Statt pro hypo
833 1509 2375 1612 theca eingelegt gewest nunmehro
840 1614 2453 1723 aber Cedriten Bancal Extracten
823 1726 2406 1848 per 73572 f 41 kr das hieVon Von
799 1846 2389 1961 ersten Iulii 743. Bis den Lezten
815 1963 2392 2096 Merz 744. auf ¾ Iahr à 5 pro Cento
808 2034 3088 2229 Verfallene Intee. mit 2758 f 57 kr
934 2410 2245 2670 Suma Vorstehenten
1188 2648 1836 2862 Empfangs
928 2940 2327 3164 22206 f. 57 kr - d.
3801 269 5069 872 Empfang
5378 666 5967 941 f kr d.
3546 920 5321 1180 Des Iähr. Banco Contingents
3659 1285 5253 1465 Dan so empfange ich aus der Banco
3682 1449 5192 1591 Haubt Cassa die zu Bestreittung
3656 1569 5152 1716 deren Iähr. Banco Bsoldungen
3693 1691 5172 1823 und anderen ausgaaben Gmr Statt
3661 1811 5182 1959 Iähr. Assignirt und Vor diss 744te
3645 1955 6021 2104 Iahr gebührente 17000 " - " - "
3647 2148 5171 2324 Item empfange ich die zu Bey
3652 2305 5180 2454 schaffung deren Kupffen und gelt
3631 2432 5178 2605 säckh wie auch Bezahlung des gelt
3643 2570 5185 2730 trager lohns und anderen erfor
3640 2695 5125 2847 dernussen Iähr. Verwilligt Vor
3643 2826 6025 2981 diss 740te Iahr Verfallene 200 " - " -
4216 3018 6000 3202 Summa 17200 f - kr
