4839 3995
757 889 1935 1029 tzig Reichstaller Zusamben also benent
787 1007 1903 1109 lichen Sechzig gulden welche beeden
819 1099 1894 1188 obgedachten herrn ordentlich vnd Ie
844 1165 1925 1261 deß in specie Zuegestelt worden
823 1251 1901 1353 Vermög hiebeyligenden Raths De
823 1257 2283 1397 cret Idest 60 f -
768 1421 1868 1566 Den 18. dito Zalte ich Herrn Wolffen
797 1555 1888 1648 Aigner sein Ihme Von 19 xber 647.
818 1635 1876 1725 biß dito dißes Iahrs Verfallene
833 1712 1898 1814 deputat benentlichen Zehen gulden
826 1752 2282 1910 rh. Vermög hiebey quittung Idest 10 f -
795 1952 1881 2107 Den 21 eiusdem gabe ich Ihr gn.
858 2102 1865 2192 Herrn Burgermaistern Vmb
868 2189 1901 2286 willen der von gem. Statt wegen
852 2268 1895 2356 Auf dißes eingangene Iahr an
851 2338 1919 2442 Vndteridtliche orth gelaisten Neüe
847 2423 1913 2519 Iahrß Verehrung die destwegen
842 2503 1938 2606 gewöhnlich ain Hundert Reichstaller
852 2561 2305 2692 Vermög Quittung hiebey Idest 150 f -
796 2691 1899 2862 Den 22 dito bring ich hiemit in
817 2844 1944 2945 Außgab weillen Michael Ederer
749 2927 2122 3122 Latus 220 f -
2940 833 3977 961 gewester Ingrosist bey Gem. Statt
2964 953 3974 1030 Cantzley nochmalß aber ober Vatter
2968 1021 3993 1107 Zu St. Marx ainen Löblich. Statt Rath
2965 1100 3990 1183 auf dessen Hochzeitlichen Ehrentag ein
2949 1176 3997 1254 geladen Vndt Zu einem Hochzeitlichen
2959 1245 4002 1329 Prosent ein Silber geschier Zu khauffen
2965 1323 3976 1395 mit g. anbefohlen worden alß
2957 1395 3997 1476 hab ich dem Caspar Harmanßeckher
2969 1470 3982 1547 burgerlich. Tantlern vmb einen
2963 1544 3980 1619 Silber Vergoldten Pecher so gewogen
2959 1613 3982 1692 fünff vnd Zwainzig loth darfier
2951 1682 3978 1760 betzalt Sechs vnd Zwainzig gulden
2946 1759 4009 1841 Zween schilling Vermög Ladtschrei
2929 1813 4524 1940 ben Vndt quittung hiebey Idest 26 f 2 s
2911 1957 4004 2095 Den 24 huius entrichtet ich dem Georg
2966 2088 4000 2170 Aigner himmeltrogern Bey St. Stephan
2964 2164 3983 2239 die Ihme Zu ainem Allmoßen Von
2958 2233 3989 2311 einem Löbl. Statt Rath mit g. an
2952 2307 3989 2385 geschaffte Zween gulden Vermög Rath
2949 2381 3992 2477 schlag vnd darauf gestelte Quittung hie
2930 2443 4442 2549 bey Idest 2 f -
2929 2594 4011 2712 Eodem die bezalte ich Herrn N. Priori
2944 2704 3983 2782 Vnd Conuent Carmelitarum discaleato
2954 2775 3994 2845 rum die Ihnen Zu einer Beyhilffen
2958 2823 3976 2914 Vnd abzallung deß appotheckherß
2940 2930 3386 3073 Latus
3552 2902 4246 3046 28 f. 2 s -
