4836 3999
2677 302 4012 784 Außgab auf
2943 770 3998 877 geschanckh vndt Verehrungen
2930 934 3936 1080 Den 9. Ianuarii Anno etc 1648.
2915 1074 3976 1155 stell ich in die Verehrungs Auß
2875 1156 3995 1245 gab die Ienigen Von Gem. Statt we
2881 1239 3970 1325 gen auf dißes eingangene Iahr
2904 1317 3979 1402 in ainer Hochlöb. N.Ö. Reg. Canz
2894 1394 3987 1482 ley Zur Neüen Iahrs Verehrung
2909 1478 4022 1553 gewöhnlich reichende Funffzehen
2918 1555 3978 1653 gulden Vermög Quittung so
2914 1624 4429 1748 hiebey Idest 15 f -
2841 1827 3983 1945 Den 14 huius bring ich auch hie
2885 1940 3991 2026 mit in Außgab die Ienige Von
2901 2020 3980 2105 Gem. Statt Wegen Herrn Zacharia
2907 2099 3954 2177 ßen Constantino Khirchmayr wie
2895 2174 3973 2248 auch Herrn Khoger Beeden der Rom.
2897 2245 3977 2329 Khay. May. N.Ö. alß auch Stey
2896 2324 3961 2404 richen gehaimben Hoff Secretarien
2882 2397 3970 2477 wegen in Gem. Statt sachen Vill
2902 2476 3942 2562 fältigen bemüehungen alß die
2913 2550 3970 2636 Ihme Herrn Khirchmayr ange
2905 2627 3943 2716 schaffte Zehen duggatten oder
2909 2704 3950 2790 seinen gewöhnlichen Rathspfening
2911 2782 3980 2868 Vnd dan fier Ihme Khoger Zwain
2753 2877 4013 3076 Latus per Se.
