4878 3986
807 870 1845 1037 Auszug von einem löbl. Statt Rath
841 1032 1879 1111 mit g. angeschaffte Zehen gulden
834 1106 1906 1190 rh. Vermög Rathschlag vnd darauf
833 1129 2255 1283 gestelten quittung hiebey Idest 10 f -
795 1329 1861 1471 Den bemelten tag bring ich in die
852 1470 1863 1550 Verehrungs Außgab die Ienige
839 1542 1877 1626 Herrn Gottfridt Reittenspieß
842 1624 1860 1705 von Weillern Röm. Khay. Mäy.
841 1700 1842 1771 Rath Vnd Statt Anwaldten Von
852 1767 1849 1844 einem Löbl. Statt Rath Zur Neüen
856 1841 1869 1920 Iahrs Verehrung mit g. ange
847 1910 1910 1996 schaffte fünff vnd Sibenzig gulden
851 1939 2285 2083 Vermög Decret hiebey Idest 75 f -
833 2152 1909 2270 Den 28 Ianuarii entrichtet ich h.
868 2261 1872 2358 Iohann Khirchweg die Ihme von
879 2344 1879 2429 einen Löbl. Statt Rath mit g. an
883 2415 1912 2501 geschafft Neün gulden Vermög An
878 2446 2312 2589 bringen vnd Rathschlag hiebey Idest 9 f -
836 2617 1903 2771 Den ersten Febr. bezalte ich Georg
863 2752 1896 2843 Lang haußkhnecht im Rathauß
866 2838 1919 2921 die Ihme auf diß Iahr von einem
876 2902 1900 2990 löbl. Statt Rath Zur neüen Iahrs
706 2991 1342 3121 Latus
1582 3033 1961 3155 94 f -
2960 800 4037 982 Verehrung mit g. angeschaffte Zehen
2978 976 4031 1053 gulden rh. Vermög Anbringen vnd
2972 1048 4035 1147 darauf gestelten Quittung hiebey
2969 1116 4416 1222 Idest 10 f -
2926 1261 4002 1426 Den 4. Febr. Zalte ich dem Caspor
2985 1419 4012 1501 Harmanßeckher burg. Häntlern
2979 1495 3999 1575 wegen eineß erkhaufften Silber
3016 1575 4004 1632 in Vndt außwenig vergolten
2957 1635 4043 1717 pecher so dreyßig loth ein quintl
2979 1711 4001 1795 gewogen dorfier benentlichen Ain
2979 1786 4007 1870 Vnd dreyßig gulden Zwen Schil
2958 1866 4024 1948 ling welcher nachmals Raths wegen
2963 1942 4013 2027 Herrn Ferdinand Insto Haimb
2973 2024 4008 2099 bruner Zu einem Hochzeit Pre
2971 2096 4050 2183 sent Verehrt ist worden Vermög Ladt
2956 2159 4569 2299 schreiben vnnd Quittung hiebey Idest 31 f. 2 s.
2947 2362 4008 2531 Den 5. dito bring ich in Auß
2959 2522 3998 2601 gab den Ienigen Maria Reinhordin
2959 2595 4012 2677 armen burgerin Zur Allmoßen
2972 2671 4005 2752 angeschafften Vnd Verwilligten
2961 2754 3999 2844 ain gulden Vermög anbringen
2960 2814 4463 2927 hiebey Idest 1 f -
2865 2936 3452 3098 Latus
3767 2988 4221 3131 42 f 2 s -
