4901 4016
748 921 1893 1107 Zechleüthen Vmb willen der von E
760 1098 1891 1187 berstorff in Gem. Statt Zeuglas
760 1182 1895 1267 alhier gefierthen Holz Zu denen Stuckh
762 1259 1902 1338 Lauten vnd Rödern daß darum
760 1336 1912 1415 ben angedingte Fuhrlohn mit Sechs
764 1408 1888 1501 Vndt dreyßig gulden vermag hie
761 1423 2256 1575 bey Quittung Idest 36 f -
695 1611 1879 1755 Den 16. April Zalte ich dem Michel
758 1739 1851 1827 Khörner Burger. Pindern wegen
773 1817 1861 1895 abgebuntner pulfer thurn In
782 1889 1872 1976 Gem. Statt Puluer thurn der
783 1971 1885 2054 fier Benentlichen fünff gulden
778 2018 2255 2157 Vermög Außzigl so hiebey Idest 5 f -
741 2196 1855 2351 Den lesten dito bezalte ich gem.
780 2335 1845 2433 Statt Zeuchwarthern H. Iacoben
800 2422 1860 2511 Schmuzen wegen Von Eberstorff
798 2501 1846 2584 Herauf gebrachten Holz Wegen
794 2578 1883 2659 abhauung vnd ableßung desselben
790 2649 1871 2732 auch andern durch Ihme Interim
788 2723 1859 2801 darauf aufgewendten Vncossten
802 2793 1871 2885 benentlichen Sechs vnndt Zwaintzig
805 2869 1892 2977 gulden rh. Sechs schilling Vermög
605 2970 2020 3208 Latus 41 f -
3022 915 4080 1074 hiebey ligender Verzeichnus
3014 1068 4591 1200 Idest 26 f 6 s -
2963 1220 4065 1413 Den 2. Maii bezalt ich ietzt gedach
2980 1395 4072 1492 ten Herrn Zeügwortern vmb wil
2978 1480 4047 1569 len aineß gehabten Schiessenß
2975 1552 4031 1641 fier die Pixenmaister Hege
2974 1623 4045 1720 gebenen trunckhs Vnd der tog
2997 1701 4009 1789 wercher Belohnung in abschlag
2985 1774 4001 1864 solches vncossten benentlichen
2988 1847 4037 1959 Sechs gulden rh. Vermög hiebeyli
2999 1937 4431 2092 gender Quittung Idest 6 f -
2939 2058 4036 2224 Den 16. dito Zalte ich dem Geörg
2959 2179 4060 2309 Winckhler Khay. Zimmermaistern
2975 2275 4013 2360 fier ein in gem. Statt Zeug
2963 2345 4001 2430 hauß neüe gemachtes Lauet
2945 2418 3993 2505 die darfier angedingte acht
2930 2494 4435 2633 gulden Vermög quittung hiebey Idest 8 f -
2875 2624 4008 2775 Den 16. huius Zalte ich auch dem
2905 2762 4064 2861 Geörgen grienwaldt pixenmachern
2908 2841 4053 2944 Vmb die in Gem. Statt Zeüghaus
2694 2917 4266 3157 Latus 40 f. 6 s -
