4878 4145
661 493 1932 687 Haineran Manngen Schuldbrief vmb
705 679 1895 815 Ainhundert Sechs Taller dessen datum
741 809 1927 969 den 30 Augustii Anno etc. 69 d.
719 1014 1868 1172 Vier vnnterschiedliche Bstanndtbrief
745 1165 1844 1294 deß vngelts vnnd Zapffenmaß halber
740 1273 1682 1400 Anno etc 68 vnnd 69 datiert
706 1420 1916 1585 Wolff Cristoffen Schopers Satzbrief Zuuor
775 1567 1920 1706 Lamprecht Iantschüz per Zwayhundert
789 1679 2047 1836 gulden datiert den 20 Martii Anno etc 85
752 1841 1870 2047 Item Wolff Christoffen Schopers Satz
790 2019 1936 2173 brief Zuuor Iantschüz per Achtzig gulden
806 2151 1720 2287 wie der annder dattiert
769 2332 1845 2521 Mer Wolf Christoffen Schopers
749 2498 1913 2644 Sazbrief per Ainhundert gulden Zu
813 2637 1922 2774 uor auf den Iäntschuz lauffendt gleichs
805 2764 1972 2911 falß den 20 Martii Anno etc 85 datiert
732 2967 1888 3227 Abermalls Wolff Cristoff Schopers
2909 451 4143 645 Satzbrieff Zuuor auf den Iantschüz laut
2997 620 4111 757 tennt per Zwayhundert gulden Zu
2962 742 4105 886 wolffganngen Ottingers Stifft gehorig
2995 862 4122 1000 auch den 20 Martii Anno etc 85 datiert
2918 1066 4083 1236 Leonhardt herbsten Satzbrief per Zway
2980 1216 4080 1345 hundert gulden Zu Maximilian Pach
2975 1317 4141 1452 hamers Stifft gehörig datiert den 27
2958 1431 4100 1561 Iunii Anno etc 52. Ist außgewechßlt vnnd
2969 1534 4134 1676 auf Fraw Margaretha hüttendorfferin
2997 1661 3593 1783 Transferiert worden
2944 1819 4052 2014 Item Leonhardt herbsten Sazbrief per
2960 1996 4059 2120 vierhundert vierzig gulden mit erstbe
2974 2105 4086 2217 meltem dato Ist ein schein von der Rait
2965 2213 4049 2343 Camer verhannden daß derselb Caß
2992 2320 3502 2455 siert werden solle
2920 2489 4050 2650 Bartlme Khißlings Sazbrief per Zway
2929 2639 4072 2788 hundert gulden Zu Hannsen Pruggners
2952 2763 3974 2905 Stifft gehorig den 7 Iulii Anno etc
2955 2878 4038 3043 viervnndsechtzig datiertt
