4953 4167
855 591 1971 706 herrn N. Burgermaister vnnd
778 738 1971 875 Rath vnnter Statt Wienn
796 870 1949 984 Darzue verordnet Commisarien
824 961 1891 1120 vberanndtwortt vnnd Ange
811 1107 1883 1240 henndigt worden Erchtags denn
775 1222 1903 1356 Siben vnnd Zwaintzigisten Ianuarii
802 1335 1974 1487 Anno etc Achtvnndneuntzigisten ./.
778 1532 1954 1763 Allerlay Brieffliche uhrkhundten
836 1738 1824 1897 In ainer Ladt ligenndt
790 1952 1936 2112 Ain verschreibung vom der Rom.
796 2091 1918 2231 Khay. Mt. etc vmb Zwelf Tausenndt
784 2216 1917 2350 Neunhundert Sechtzig gulden sambt
826 2337 1872 2469 der quittung von Anndre hierschen
820 2442 1873 2573 Paw Zallmaister beedes vnnter
842 2570 2033 2737 ainem dato den 24 April Anno etc 60ten
816 2755 1929 2941 Ain Schuldtbrief von Irer Khay. Mt. etc
777 2907 1887 3053 de Anno etc. 63 ain 21 Iunii datiert
798 3030 1714 3194 Per Zwaintzig Tausent gulden
3006 414 4207 627 Mer ain verschreibung von Irer Khay.
3044 623 4153 761 Mt. etc vnnd ain Reuerhs von denen
3065 757 4139 873 herrn verornndten ainer Ersamben
3068 859 4230 1012 Lanndtschafft vnnter der Enns de Anno etc.
3063 987 4178 1109 65. den Ersten Nouember datiert
3050 1099 3982 1259 Per Dreissig Tausennt gulden
3033 1361 4217 1508 Item mer ain verschreibung von hochst
3044 1492 4197 1619 ernennter Irer Khay. Mt. etc den Ersten
2980 1605 4129 1739 Nouembris des 64 Iars datiert Per
3006 1718 3922 1866 Zwainzig Tausenndt gulden
2975 1942 4089 2112 Hannsen Meißl Schuldtbrief vmb
3013 2095 4157 2226 Zwaintzig gulden auf wolffen Iagers
3035 2209 4126 2350 Perger Tischler lauttenndt Aber Iezo
3060 2330 3761 2468 gemainer Statt gehorig
2968 2531 4096 2716 Weilenndt herrn Daniel Luntzers
3022 2699 4089 2831 des Khay. Statt gerichts Beysitzers
2981 2819 4098 2954 Satzbrief Per Ain tausenndt gulden
3008 2919 4209 3118 den Sechsten Augustii Anno etc 68 datiert
