5216 3745
620 554 1969 731 Item am 27. Nouembris hab Ich von Geor
692 713 1994 812 gen Iglßhofer mitwonner in der Landt
671 800 1957 903 straß aus Beuelch Burgermaister vnd
670 880 1973 998 Rats emphanngen SechZehen Phundt d.
703 972 1914 1084 heerkhument von ainer Behausung
703 1060 1959 1165 daselbst in der Lanndtstraß neben Leo
689 1143 1869 1261 polden huntzpuchl So halber taill auf
692 1238 1958 1355 wolfganngen wagenkhnechts seligen ver
706 1327 1879 1441 lassen Erben gefallen Nachdem aber
702 1419 1911 1528 derselben ditzmals khainer verhannden
705 1511 1883 1636 hab ichs Zu Gemainer Stat hannden
704 1615 2442 1753 genomen Idest f. 16. s. d.
649 1738 1938 1902 Item Zu abZallung sanndt Nicla guetter
710 1873 1904 2000 hab ich vom herrn Franntz Strauben
707 1960 1888 2087 an der Khaufsuma vmb der Cam In
706 2056 2036 2185 seligen Behausung emphanngen Zway
692 2158 2472 2341 tausennt Phundt Phening Idest f. 2000. s. d.
3213 926 4210 1281 Summa aus Todtenn guetern
3210 1239 4157 1428 Ø 2501 γ. 7. s. 29. d.
