5152 3777
3037 414 4201 851 Emphanng
3263 817 4101 941 von den todten guettern
3022 962 4384 1112 Erstlich am Sibennden Ianuari hab Ich em
3146 1076 4422 1193 phanngen von denen Ersamen Annthonien
3141 1148 4402 1267 wagner vnd Michael Stainpeckh schwert
3125 1240 4357 1358 feger Als Executorn weillenndt Bri
3120 1321 4364 1444 gitta Liennhardten Wildtspeur Schmidts
3138 1416 4362 1541 hausgesessen Zum haag im Ranndt ob der
3124 1513 4356 1634 Ennß seligen gelassen tochter vermug
3130 1611 4350 1719 Ires gethannen Tesstaments was vber
3141 1697 4417 1817 dasselb beleibt solle hauß armen Leütten
3152 1794 4336 1902 eruolgen darauf mir der Resst von
3118 1871 4402 1993 Ernennten Executorn aus Beuelch Bur
3141 1946 4914 2105 germaister vnd Ratts vberantwortt f. 17. s. 7. d. 4.
3073 2126 4414 2260 Item am Zwelfften Maii hab Ich emphann
3128 2217 4381 2324 gen vom Wolfganng Grüenwalt Als
3131 2296 4391 2417 Curatorn des wolffen Altzhoffers hauß
3148 2398 4360 2507 in der vordern Peckhenstraß vierund
3123 2489 4333 2636 Zwaintzig Phundt Zwen schilling vnnd
3224 2718 3788 2958 Latus per se
