5221 3766
653 567 1945 731 Gemainer Stat vnnd der annder taill
706 719 1939 824 ermelten erben dauon die Gerhaben
684 799 1945 929 Iren Phlegkhindern Raittung Zugeben
724 884 2431 1033 schuldig Idest f. 12. s. d
652 1030 1947 1175 Mer den Zwaintzigisten Ianuarii hab ich
741 1131 1970 1262 emphanngen von denen Ersamen Stef
704 1217 1925 1334 fan waltzperger vnnd Liennhardten
714 1305 2022 1431 herbst alls weillenndt Walthasern Pollen
702 1400 1940 1520 der tuech scherrers tesstamens execu
701 1499 1932 1617 torn sechZehen Phundt d. so vorgenanter
696 1588 1995 1726 Pollender Zu Gemainer Stat Pau tesstiert
1653 1698 2441 1836 Idest f. 16. s. d
606 1790 1978 1943 Item am 26. Februari eingenomen von
656 1922 1977 2045 Mathes Aschpannger Pintter so sein haus
681 2019 1949 2145 frau Barbara Gemainer Stat Wienn
669 2118 2454 2264 Tesstiert f. 2. s. d
665 2214 1985 2368 Den letssten Februari hab ich mer Emphan
698 2333 1997 2469 gen von Cristoffen Prantmair heilling
712 2425 1937 2590 Creitzerischem hofmaister Zw Wienn
786 2691 1648 2998 Latus 30 γ. s. d
3173 564 4423 704 als Executor Pettern Widmanß seligen
3160 694 4406 796 tesstaments Zehen Phundt d. weliche er
3133 769 4846 896 Gemainer Stat tesstiert Idest f. 10. s. d.
3097 898 4405 1042 Am dritten tag Apprillis mer einge
3172 1035 4441 1121 numen von Hannsen Schrickhen schuesster
3177 1118 4387 1207 als Executorn Hannsen Reich Goldt
3166 1203 4387 1296 schmidts seligen tesstaments darIn Ge
3162 1292 4381 1391 mainer Stat Zehen Phundt Phening
3159 1368 4863 1483 verordent worden Idest f. 10. s. d
3118 1491 4461 1616 Valentin Pliembl an stat seiner verstorbnen
3141 1609 4368 1702 hausfraw Chatarina hat mir so sy Zu
3120 1691 4866 1818 Gemainer Stat Tesstiert vberantwort f. 5. s. d.
3084 1823 4396 1956 Item am 15. Apprillis emphanngen von
3164 1939 4449 2041 Vlrichen hein Appoteckher an stat seiner
3166 2024 4428 2130 abgestorbnen hausfrauen Barbara so
3130 2102 4831 2258 Sy Zu Gemainer tesstiert f 5 s. d.
3125 2274 4446 2410 Den 16. Iuni eingenomen von Chatarina
3178 2404 4431 2507 weillenndt Phillippen Rappen Glasers
3227 2683 4070 2960 Latus 30 γ. s. d
