<?xml version="1.0" encoding="UTF-8" standalone="yes"?>
<PcGts xmlns="http://schema.primaresearch.org/PAGE/gts/pagecontent/2013-07-15">
    <Metadata>
        <Creator>prov=READ-COOP:name=PyLaia@TranskribusPlatform:version=2.30.2:model_id=377405:lm=provided:date=26_08_2025_10:02</Creator>
        <Created>2025-08-19T09:37:08.702+02:00</Created>
        <LastChange>2025-09-03T11:02:59.594+02:00</LastChange>
        <TranskribusMetadata docId="10165542" pageId="101866666" pageNr="26" status="GT" userId="261754" imgUrl="https://files.transkribus.eu/Get?id=KZZWKOBEBTFRHBMDEBZJHHCQ&amp;fileType=view" imageId="85446577"/>
    </Metadata>
    <Page imageFilename="101866666.tif" imageWidth="5186" imageHeight="3813">
        <TextRegion id="region_151863813" custom="readingOrder {index:0;}">
            <Coords points="0,0 2593,0 2593,3813 0,3813"/>
            <TextLine id="tl_1755680720" custom="readingOrder {index:0;}">
                <Coords points="588,555 589,691 597,699 656,714 887,719 1132,740 1840,740 1881,736 1898,727 1898,675 1892,666 1859,657 1840,646 1764,625 1751,615 1718,609 1705,597 1647,582 1589,582 1559,594 1498,605 1264,604 1128,619 1061,620 977,612 831,579 811,568 783,563 763,547 730,538 684,535 615,538 593,545"/>
                <Baseline points="588,688 1898,688"/>
                <TextEquiv>
                    <Unicode>Gleicherweiß von Pettern Schober</Unicode>
                </TextEquiv>
            </TextLine>
            <TextLine id="tl_1755680742" custom="readingOrder {index:1;}">
                <Coords points="708,745 709,778 721,784 1040,813 1205,813 1347,820 1568,817 1841,821 1959,820 1973,813 1973,754 1967,747 1951,742 1673,745 1503,736 1363,742 1171,740 936,723 767,719 714,724"/>
                <Baseline points="708,794 1973,794"/>
                <TextEquiv>
                    <Unicode>hauer eingenomen Zu Gemainer Stat</Unicode>
                </TextEquiv>
            </TextLine>
            <TextLine id="tl_1755680731" custom="readingOrder {index:2;}">
                <Coords points="2493,809 2470,801 2261,799 1834,816 1179,823 911,808 776,807 688,820 682,879 689,891 765,907 900,924 1489,946 1997,946 2147,941 2404,913 2482,890 2493,873"/>
                <Baseline points="682,907 2493,907"/>
                <TextEquiv>
                    <Unicode>hannden von wegen des Burger Recht f. 2. s. d.</Unicode>
                </TextEquiv>
            </TextLine>
            <TextLine id="tl_1755680717" custom="readingOrder {index:3;}">
                <Coords points="630,957 630,1061 633,1066 650,1072 692,1076 900,1073 1076,1091 1265,1092 1380,1098 1944,1096 1950,1089 1950,1039 1947,1033 1935,1028 1802,1007 1591,993 1540,985 1465,965 1411,958 1241,945 1026,949 746,931 693,931 637,943"/>
                <Baseline points="630,1054 1950,1054"/>
                <TextEquiv>
                    <Unicode>Adi den dreiZehennden Septembris mer</Unicode>
                </TextEquiv>
            </TextLine>
            <TextLine id="tl_1755680744" custom="readingOrder {index:4;}">
                <Coords points="692,1085 693,1135 705,1139 818,1154 1285,1192 1485,1201 1909,1201 1922,1198 1929,1178 1929,1121 1923,1114 1911,1110 1622,1097 1342,1096 1167,1091 856,1073 722,1074 699,1078"/>
                <Baseline points="692,1169 1929,1169"/>
                <TextEquiv>
                    <Unicode>von dem Heinrich manng vischer em</Unicode>
                </TextEquiv>
            </TextLine>
            <TextLine id="tl_1755680740" custom="readingOrder {index:5;}">
                <Coords points="2448,1165 2429,1159 2290,1147 2097,1152 1847,1175 1622,1182 1240,1184 736,1169 660,1179 672,1185 654,1195 650,1247 659,1256 734,1266 1173,1264 1845,1280 2378,1280 2428,1274 2443,1263 2451,1233"/>
                <Baseline points="650,1246 2451,1246"/>
                <TextEquiv>
                    <Unicode>phanngen f. 2. s. d.</Unicode>
                </TextEquiv>
            </TextLine>
            <TextLine id="tl_1755680732" custom="readingOrder {index:6;}">
                <Coords points="631,1301 634,1382 700,1392 967,1391 1054,1396 1262,1397 1650,1412 2009,1410 2016,1389 2015,1356 2011,1351 1957,1338 1700,1326 1202,1283 896,1268 763,1269 683,1274 639,1288"/>
                <Baseline points="631,1376 2016,1376"/>
                <TextEquiv>
                    <Unicode>Eodem die bezalt Michael wagner schran</Unicode>
                </TextEquiv>
            </TextLine>
            <TextLine id="tl_1755680736" custom="readingOrder {index:7;}">
                <Coords points="646,1436 649,1475 673,1486 865,1516 1433,1534 2380,1534 2445,1527 2483,1511 2496,1489 2496,1419 2489,1411 2466,1406 1670,1405 731,1388 657,1400"/>
                <Baseline points="646,1496 2496,1496"/>
                <TextEquiv>
                    <Unicode>schreiber fur sein Burger Recht f. 2. s. d.</Unicode>
                </TextEquiv>
            </TextLine>
            <TextLine id="tl_1755680722" custom="readingOrder {index:8;}">
                <Coords points="637,1521 637,1585 643,1606 676,1623 685,1637 705,1642 906,1647 1302,1666 1509,1683 1962,1682 1965,1677 1963,1618 1955,1612 1903,1603 1694,1589 1525,1566 1371,1551 1228,1546 1083,1534 817,1525 716,1509 644,1511"/>
                <Baseline points="637,1638 1965,1638"/>
                <TextEquiv>
                    <Unicode>Den 15. Septembris hat Ich emphann</Unicode>
                </TextEquiv>
            </TextLine>
            <TextLine id="tl_1755680745" custom="readingOrder {index:9;}">
                <Coords points="683,1698 684,1725 693,1731 836,1753 1161,1780 1411,1790 2090,1790 2365,1783 2445,1773 2498,1751 2508,1731 2506,1668 2482,1657 1539,1675 1039,1658 815,1656 692,1669 684,1678"/>
                <Baseline points="683,1755 2508,1755"/>
                <TextEquiv>
                    <Unicode>gen von Phillipp Rat vischer f. 2. s. d.</Unicode>
                </TextEquiv>
            </TextLine>
            <TextLine id="tl_1755680715" custom="readingOrder {index:10;}">
                <Coords points="591,1865 598,1878 618,1885 763,1887 938,1897 1143,1899 1515,1928 1949,1927 1955,1921 1954,1847 1939,1840 1895,1834 1582,1824 1445,1809 1237,1794 1096,1773 1005,1765 654,1764 593,1774"/>
                <Baseline points="591,1887 1955,1887"/>
                <TextEquiv>
                    <Unicode>Item Eodem die hab ich eingenomen von</Unicode>
                </TextEquiv>
            </TextLine>
            <TextLine id="tl_1755680739" custom="readingOrder {index:11;}">
                <Coords points="632,1923 632,1974 645,1987 793,2002 1421,2016 1615,2027 1927,2056 2377,2054 2419,2050 2415,1955 2353,1937 2305,1933 1632,1930 1164,1901 880,1901 732,1895 655,1896 640,1902"/>
                <Baseline points="632,2015 2381,2015"/>
                <TextEquiv>
                    <Unicode>Steffan Weillenndt f. 2. s. d</Unicode>
                </TextEquiv>
            </TextLine>
            <TextLine id="tl_1755680725" custom="readingOrder {index:12;}">
                <Coords points="639,2049 639,2131 646,2140 816,2154 1112,2161 1356,2181 1474,2186 1832,2188 1890,2185 1890,2122 1880,2113 1743,2086 1552,2068 1418,2047 1290,2044 1151,2053 1017,2049 882,2055 694,2037 649,2040"/>
                <Baseline points="639,2148 1890,2148"/>
                <TextEquiv>
                    <Unicode>Abermall am 18 Septembris em</Unicode>
                </TextEquiv>
            </TextLine>
            <TextLine id="tl_1755680723" custom="readingOrder {index:13;} unclear {offset:33;length:2;}">
                <Coords points="647,2241 653,2264 858,2290 1288,2317 1613,2327 2366,2325 2391,2315 2391,2191 2371,2181 2351,2175 1509,2182 1056,2164 731,2161 667,2165 651,2171"/>
                <Baseline points="647,2284 2377,2284"/>
                <TextEquiv>
                    <Unicode>phanngen von Cristoffen Holtzperger f. 2. s. d</Unicode>
                </TextEquiv>
            </TextLine>
            <TextLine id="tl_1755680714" custom="readingOrder {index:14;}">
                <Coords points="548,2370 551,2419 564,2427 614,2436 792,2430 954,2432 1162,2453 1345,2461 1568,2487 1855,2487 1870,2484 1875,2471 1873,2383 1804,2371 1404,2351 1236,2338 991,2331 900,2322 809,2303 746,2299 660,2302 600,2313 593,2320 589,2334 558,2353"/>
                <Baseline points="548,2440 1875,2440"/>
                <TextEquiv>
                    <Unicode>Eodem die hat Iacob vnnhalt fur das</Unicode>
                </TextEquiv>
            </TextLine>
            <TextLine id="tl_1755680738" custom="readingOrder {index:15;}">
                <Coords points="562,2478 566,2524 636,2545 904,2580 1372,2616 1642,2631 2283,2632 2351,2625 2370,2616 2374,2602 2374,2528 2367,2509 2281,2491 1512,2476 1066,2443 863,2439 639,2441 575,2452 565,2463"/>
                <Baseline points="562,2583 2374,2583"/>
                <TextEquiv>
                    <Unicode>Burger Recht ausgericht f. 2. s d.</Unicode>
                </TextEquiv>
            </TextLine>
            <TextLine id="tl_1755680712" custom="readingOrder {index:16;}">
                <Coords points="705,2808 704,2875 706,2891 710,2898 725,2908 742,2930 832,2969 866,2979 994,2981 1046,2989 1104,2993 1165,3009 1187,3011 1380,3008 1530,3011 1543,3005 1544,2890 1539,2880 1500,2863 1444,2854 1410,2852 1372,2844 1326,2841 1260,2843 1230,2839 1170,2819 1151,2804 1131,2797 1120,2785 1054,2771 977,2767 928,2755 910,2743 874,2728 814,2720 766,2731 754,2744 737,2752 730,2779 710,2797"/>
                <Baseline points="704,2936 1544,2936"/>
                <TextEquiv>
                    <Unicode>Latus 14 γ s. d</Unicode>
                </TextEquiv>
            </TextLine>
            <TextEquiv>
                <Unicode></Unicode>
            </TextEquiv>
        </TextRegion>
        <TextRegion id="region_251863813" custom="readingOrder {index:1;}">
            <Coords points="2593,0 5186,0 5186,3813 2593,3813"/>
            <TextLine id="tl_1755680737" custom="readingOrder {index:0;}">
                <Coords points="3074,517 3075,686 3097,690 4327,688 4398,676 4411,671 4414,665 4414,517 4405,505 4394,502 4341,503 4257,518 4041,536 3990,545 3922,569 3866,581 3791,585 3670,582 3380,558 3329,549 3318,544 3302,522 3270,505 3259,472 3209,462 3131,466 3109,490 3086,498"/>
                <Baseline points="3074,633 4414,633"/>
                <TextEquiv>
                    <Unicode>Am Zwenunnd Zwaintzigisten Septembris</Unicode>
                </TextEquiv>
            </TextLine>
            <TextLine id="tl_1755680746" custom="readingOrder {index:1;}">
                <Coords points="4400,784 4398,737 4392,733 4364,728 4337,717 4220,700 4124,691 3698,692 3447,698 3243,692 3185,697 3149,713 3143,719 3142,727 3143,756 3148,771 3207,782 3398,774 3485,781 3566,794 3802,789 3925,797 4197,802 4373,801 4395,796"/>
                <Baseline points="3142,772 4400,772"/>
                <TextEquiv>
                    <Unicode>Zalt Iacob Aphlpeckh fur sein Burger</Unicode>
                </TextEquiv>
            </TextLine>
            <TextLine id="tl_1755680719" custom="readingOrder {index:2;}">
                <Coords points="3138,847 3145,856 3191,865 3211,879 3329,891 3636,887 4460,909 4889,910 4967,904 4981,892 4985,879 4984,829 4960,813 4674,797 4022,797 3602,792 3457,782 3326,781 3202,789 3141,807"/>
                <Baseline points="3138,877 4985,877"/>
                <TextEquiv>
                    <Unicode>Recht Gemainer Stat f. 2. s. d.</Unicode>
                </TextEquiv>
            </TextLine>
            <TextLine id="tl_1755680724" custom="readingOrder {index:3;}">
                <Coords points="3128,898 4359,898 4359,1028 3128,1028"/>
                <Baseline points="3128,994 4359,994"/>
                <TextEquiv>
                    <Unicode>Item Phillipp Reich hat mir Zu Ge</Unicode>
                </TextEquiv>
            </TextLine>
            <TextLine id="tl_1755680728" custom="readingOrder {index:4;}">
                <Coords points="4850,1102 4849,1028 4844,1018 4816,1011 4698,1004 4186,1019 3544,1018 3232,1025 3162,1032 3155,1037 3153,1079 3170,1090 3226,1106 3355,1116 3797,1117 4156,1130 4825,1130 4847,1123"/>
                <Baseline points="3153,1097 4850,1097"/>
                <TextEquiv>
                    <Unicode>mainer Stat hannden erlegt f. 2. s. d</Unicode>
                </TextEquiv>
            </TextLine>
            <TextLine id="tl_1755680743" custom="readingOrder {index:5;}">
                <Coords points="4430,1205 4425,1180 4395,1170 4381,1156 4322,1139 4234,1131 3898,1128 3589,1154 3214,1153 3164,1158 3152,1167 3153,1232 3168,1238 3208,1240 3520,1238 3642,1230 3733,1229 3949,1246 4404,1251 4428,1245"/>
                <Baseline points="3152,1218 4430,1218"/>
                <TextEquiv>
                    <Unicode>Mer eingenomen von Cristoffen Sthe</Unicode>
                </TextEquiv>
            </TextLine>
            <TextLine id="tl_1755680721" custom="readingOrder {index:6;}">
                <Coords points="4914,1297 4903,1266 4839,1247 4689,1234 3628,1234 3260,1245 3149,1258 3142,1265 3141,1298 3150,1305 3189,1312 3247,1336 3309,1344 3638,1340 4130,1362 4913,1360"/>
                <Baseline points="3141,1330 4888,1331"/>
                <TextEquiv>
                    <Unicode>ringer vmb das Burger Recht f. 2. s. d.</Unicode>
                </TextEquiv>
            </TextLine>
            <TextLine id="tl_1755680726" custom="readingOrder {index:7;}">
                <Coords points="3078,1447 3078,1472 3082,1480 3098,1486 3883,1478 4015,1487 4436,1486 4444,1476 4443,1431 4434,1423 4385,1409 4274,1395 4147,1372 3508,1350 3184,1352 3160,1366 3135,1374 3128,1384 3125,1405 3112,1415 3085,1423"/>
                <Baseline points="3078,1452 4444,1452"/>
                <TextEquiv>
                    <Unicode>Leopoldt Awer hat mir Zu Gemainer</Unicode>
                </TextEquiv>
            </TextLine>
            <TextLine id="tl_1755680733" custom="readingOrder {index:8;}">
                <Coords points="3100,1533 3105,1551 3139,1560 3356,1574 3718,1577 3756,1583 3753,1589 4393,1629 4919,1628 4926,1614 4926,1540 4914,1518 4867,1505 4783,1498 3814,1482 3235,1486 3129,1498 3108,1511"/>
                <Baseline points="3100,1590 4926,1590"/>
                <TextEquiv>
                    <Unicode>Stat hannden vberantwort f. 2. s. d</Unicode>
                </TextEquiv>
            </TextLine>
            <TextLine id="tl_1755680713" custom="readingOrder {index:9;}">
                <Coords points="3008,1619 3011,1732 3021,1742 3071,1750 3548,1737 3713,1743 3967,1761 4328,1761 4362,1758 4369,1752 4371,1678 4362,1661 4248,1641 4159,1634 3887,1627 3637,1612 3557,1616 3423,1639 3336,1641 3262,1632 3240,1618 3209,1613 3190,1599 3096,1591 3022,1597 3012,1602"/>
                <Baseline points="3008,1717 4371,1717"/>
                <TextEquiv>
                    <Unicode>Georg Sperckhenstainer hat für sein</Unicode>
                </TextEquiv>
            </TextLine>
            <TextLine id="tl_1755680741" custom="readingOrder {index:10;}">
                <Coords points="3107,1773 3107,1829 3115,1851 3271,1867 4031,1876 4539,1892 4946,1891 4951,1884 4951,1801 4944,1789 4865,1768 4776,1760 4465,1757 3989,1764 3801,1757 3671,1742 3174,1742 3122,1748 3112,1755"/>
                <Baseline points="3107,1853 4951,1853"/>
                <TextEquiv>
                    <Unicode>Burger Recht Zalt f. 2. s. d.</Unicode>
                </TextEquiv>
            </TextLine>
            <TextLine id="tl_1755680735" custom="readingOrder {index:11;}">
                <Coords points="3103,1917 3105,2001 3118,2009 3140,2012 3418,2007 3816,2015 3929,2028 4053,2034 4470,2032 4474,2023 4474,1978 4462,1968 4407,1957 3965,1905 3558,1890 3423,1900 3158,1899 3109,1907"/>
                <Baseline points="3103,1998 4474,1998"/>
                <TextEquiv>
                    <Unicode>Item von Hannsen Hofler eingenomen</Unicode>
                </TextEquiv>
            </TextLine>
            <TextLine id="tl_1755680718" custom="readingOrder {index:12;}">
                <Coords points="3160,2016 3160,2069 3169,2080 3239,2101 3733,2139 4037,2152 4824,2157 4856,2154 4860,2143 4859,2033 4849,2023 4828,2019 4627,2015 4088,2023 3541,2005 3294,2003 3183,2005"/>
                <Baseline points="3160,2117 4860,2117"/>
                <TextEquiv>
                    <Unicode>vmb das Burger Recht f. 2. s. d</Unicode>
                </TextEquiv>
            </TextLine>
            <TextLine id="tl_1755680716" custom="readingOrder {index:13;}">
                <Coords points="3112,2211 3115,2281 3134,2289 3180,2297 3295,2297 3473,2284 3541,2284 3670,2293 3911,2287 4167,2296 4427,2296 4496,2283 4509,2273 4512,2262 4510,2250 4501,2239 4474,2234 4451,2222 4353,2203 4260,2192 3797,2172 3585,2185 3431,2172 3371,2163 3297,2145 3246,2142 3167,2156 3158,2179 3119,2194"/>
                <Baseline points="3112,2256 4512,2256"/>
                <TextEquiv>
                    <Unicode>Erasmus Abertzhauser bei der Nideroster</Unicode>
                </TextEquiv>
            </TextLine>
            <TextLine id="tl_1755680730" custom="readingOrder {index:14;}">
                <Coords points="3165,2327 3166,2346 3172,2353 3395,2378 3732,2371 3844,2379 4019,2380 4170,2395 4387,2395 4402,2393 4409,2384 4407,2313 4389,2304 4068,2296 3882,2286 3519,2285 3343,2294 3231,2306 3169,2319"/>
                <Baseline points="3165,2366 4409,2366"/>
                <TextEquiv>
                    <Unicode>reichischen Chamer Secretari Ist Zu</Unicode>
                </TextEquiv>
            </TextLine>
            <TextLine id="tl_1755680729" custom="readingOrder {index:15;}">
                <Coords points="3142,2383 3142,2445 3146,2449 3332,2463 3386,2464 3422,2459 3490,2458 3586,2472 3637,2475 3776,2472 3918,2483 4304,2483 4348,2473 4354,2466 4359,2442 4359,2422 4355,2417 4339,2412 4158,2397 4042,2381 3848,2382 3725,2375 3526,2371 3377,2378 3204,2369 3145,2378"/>
                <Baseline points="3142,2453 4359,2453"/>
                <TextEquiv>
                    <Unicode>Burger Angenomen Ist Ime das</Unicode>
                </TextEquiv>
            </TextLine>
            <TextLine id="tl_1755680734" custom="readingOrder {index:16;}">
                <Coords points="3139,2480 3139,2548 3145,2556 3192,2570 3261,2583 3381,2598 3480,2601 3542,2609 3605,2611 4057,2610 4172,2604 4205,2591 4216,2577 4217,2510 4212,2499 4123,2487 3935,2483 3702,2471 3618,2471 3466,2459 3356,2464 3196,2462 3147,2469"/>
                <Baseline points="3139,2573 4217,2573"/>
                <TextEquiv>
                    <Unicode>Burger Recht gelt nachgelassen</Unicode>
                </TextEquiv>
            </TextLine>
            <TextLine id="tl_1755680727" custom="readingOrder {index:17;}">
                <Coords points="3286,2806 3293,2826 3302,2840 3306,2882 3313,2890 3328,2896 3345,2910 3407,2936 3432,2941 3468,2939 3528,2924 3590,2922 3684,2925 3767,2937 3804,2938 3883,2925 3975,2918 4076,2923 4107,2914 4112,2910 4113,2904 4112,2808 4094,2797 4060,2789 4007,2790 3898,2777 3825,2779 3787,2774 3681,2739 3615,2738 3588,2733 3520,2706 3513,2695 3505,2691 3470,2682 3424,2684 3368,2704 3361,2716 3339,2724 3330,2743 3309,2753 3304,2780 3300,2788 3288,2798"/>
                <Baseline points="3286,2874 4113,2874"/>
                <TextEquiv>
                    <Unicode>Latus 12. γ. s. d</Unicode>
                </TextEquiv>
            </TextLine>
            <TextEquiv>
                <Unicode></Unicode>
            </TextEquiv>
        </TextRegion>
    </Page>
</PcGts>
