5186 3795
703 600 1978 738 Zwaintzig Phening die Ime Grüenwaltn
727 728 2002 823 in hannden beliben von wegen weillendt
701 813 1944 922 herrn hannsen huschimhey gewesner
678 904 1957 1002 Caplaney Simon ConRodt haiden des schue
683 996 1919 1100 ssters Stifft auf welichen hauß Zway
697 1085 1920 1180 hundert gulden haubtgelt ligendt da
686 1171 1902 1282 uon Ier Iärlich Zinß 8. γ d. vnd des etc. 43.
649 1252 1977 1363 Iars 2. γ. 5. s. 10. d ausgestannden weliche
682 1352 2004 1453 stifft erst des etc 46. Iars herr Bonauen
689 1443 1984 1551 tura Lannttinger verlichen worden der
713 1537 1903 1646 auch selbigs Iar nur 5. γ. d. eingenu
716 1634 1904 1739 men welicher des Grüenwalts Inn
711 1717 1994 1831 henndiger Resst mir also auf Burger
716 1822 1905 1944 maister vnd Rats Beuelch Zuegestelt
718 1924 2493 2052 worden Idest f. 24. s. 2. d 20.
641 2009 1940 2182 Mer am Zwelfften Augusti emphanngen
690 2160 1991 2277 von Anndreen Ernkhoffer schneider Burger
701 2239 1963 2357 in Wienn weillenndt Iacoben Hamelß
694 2331 1986 2450 auch schneiders verlassen guets Executorn
681 2414 1938 2571 Sibenunduiertzig Phundt Zwen schilling
828 2734 1336 3022 Latus per se
3154 576 4370 721 ZwenundZwaintzig Phening Mer dreu
3168 696 4441 799 silbrenne Pecherl vnd ain clain Par gsperl
3164 798 4326 894 vngeschatzt doch die waag in desselben
3145 884 4357 986 Ernkhoffer Raitbrief vermelt weliche
3146 980 4375 1080 Pocherl vnd gesperl hamel seinem Son
3163 1070 4335 1184 Mathes der Ausser Lanndts Tesstiert
3159 1176 4416 1267 die bei dem Chamer ambt verhannden
3165 1263 4966 1396 vnd setze hiemit nur das par gelt Idest f. 47. s. 2. d. 22.
3098 1422 4439 1563 Item emphanngen von Gregorn Schausich
3143 1545 4429 1645 selbs als weillendt frauen Chatarina Bo
3148 1629 4398 1736 nauenturin seligen verlassen guets Exe
3148 1722 4383 1815 cutorn Zu parem gelt vierZig Phundt
3147 1801 4446 1913 Sechs schilling drei Zehen Phening Mer siben
3141 1894 4411 1992 Stuckh aus der Vaarunden haab so schaw
3152 1967 4484 2087 sich selbs nach der schatzung nit verkhauffen
3155 2070 4424 2175 khynnen Erstlich am schwartzer harrasser
3097 2154 4475 2257 Manndtl vmb 7. γ. d. ain schwartze Samatter
3110 2249 4376 2348 Guertl mit Marcellen beschlagen wigt
3139 2329 4396 2421 15. lot 2. quintat das lot vmb fünff s. d.
3152 2413 4424 2514 thuet 9. γ. 5. s. 15 d Ain Spieß Ain Zer
3145 2498 4363 2641 prochene hellenpartten Gleichwoll
3286 2756 3741 3039 Latus per se
