4788 4141
817 432 2008 661 Denn Neunundtzwaintzigisten Martii
914 641 1989 765 Erlegt Hamrich Pruggner Inwohner
903 762 1945 882 alhie das Pergkhrecht von ainem
908 875 2004 999 Achtl weingartten in Aussern Russten
918 991 1951 1115 in der vnndern Schoß ligent Zu deren
903 1110 2050 1245 von Thiernair Stüfft gehörig so Iärlich
894 1242 1998 1368 ain viertl most Pergkhrecht vnnd
895 1374 2029 1491 drey haller voitzalt diennstbar ist
912 1496 2022 1611 vnnd Er an heut von Gemainer Statt
908 1611 2080 1741 kheuffling an sich gebracht den Ausstandt
900 1743 1963 1865 auf den verschinen Neunvnndneuntzig
842 1875 2000 2000 Sechs hundert vnnd Sechs hundert Erste
864 2006 1988 2148 Iahr bringt ain Phundt drey schiling
863 2098 2343 2316 Pfening Idest f. 1. s. 3. d.
876 2523 2051 2690 Den dritten Iulii Erlegt hanns Schaff
916 2687 2043 2810 er Wohnhafft bey St. Vlrich von ainem
896 2808 2037 2933 viertl weingartten im guetten härden
893 2923 1991 3057 ligent den Bergkhrecht auf den negst
886 3059 1980 3210 abgeloffen Sechs hundert Erste Iar
809 3299 1649 3537 Latus per se
2904 391 3978 520 für ain halben Emer Most in gelt Sib
2902 497 4592 665 en schilling pfening Idest f. - s. 7. d. 2
2819 891 3966 1057 Denn Achtzehenten October Erlegte
2867 1036 3989 1159 Michael Prunmüllner wohnhafft bey
2831 1155 3982 1273 St. Vlrich von ainem viertl weingartten
2882 1261 3925 1396 in Flackhen ligent So Iärlichen Zway
2874 1382 3893 1518 viertl most Berckhrecht vnnd drey
2855 1493 3982 1634 haller voitgelt Zu deren von Thiernair
2798 1626 3925 1770 Stüfft diennstbar ist den Ausstanndt
2865 1750 3893 1885 auf das negst abgewichen Sechtzehen
2864 1886 3928 2013 hundert Erste vnnd diß gegen wierdige
2824 1990 3966 2154 Iar bringt Benäntlichen Zway Pfund
2850 2135 4569 2318 drey schilling pfening Idest f. 2. s. 3. d 3.
2919 2843 4191 3220 Latus 3 f. 2. s 5 d
