4799 4170
897 509 1968 649 Außgestaffiert noch fort geschiokcht
868 642 1972 780 So mdern haben Ir gebürnus den Edlen
935 767 1981 873 vnnd Ernuesten herrn Georgen Prügl
915 867 1977 993 des Innern des Innern Statt Raths
909 991 2004 1112 Als welcher von ainem Edlen Hochwei
922 1109 2044 1240 sen Statt Rath meinen gnedigen herrn
913 1232 2039 1351 dartzue verornndt In parem gelt an
901 1345 2082 1480 gehenndigt Welches sich auf Zwayhundert
909 1479 2001 1598 gulden Zwen schiling pfening erströckht
916 1593 2032 1724 die ich alß von Ime Innhalt aines Spe
909 1704 2029 1842 cifierten vnnd geferttigten Exträctl
896 1827 2098 1971 gegen quittung Zu deß Ober Camrer Ambts
915 1954 2047 2079 hanndten empfanngen Daruon Ich
912 2087 2084 2211 aber denen Trumbschlagern vnnd Pfeiffer
919 2215 2073 2342 so sich bey der Werbung des Khriegs uolckh
907 2347 2044 2463 mit vmbschlagen Ratschlegen vnnd den
891 2469 2042 2583 Zu hinab Plaittung desselben gebrauchen
912 2590 1942 2702 lassen für Ir bemiehung Sibentzehen
901 2704 2011 2823 Phundt Siben schiling Zehen pfening Item
917 2821 2044 2940 dem hannsen Leben Burgern alhie Alß
928 2935 2019 3061 welcher ermelte Soldaten oder Khriegs
931 3064 2028 3211 uolckh auf de depudierten Musster
916 3399 1738 3541 Latus 0
2866 329 4006 498 platz gehn Prugkh an der Leütta belaittet
2865 496 3965 622 vnnd Irem haubtman überantworttet
2869 621 3898 745 für sein besoldung fünfftzehen gulden
2870 725 3930 867 gegen quittung betzalt Item auch so hab
2877 852 3930 981 etlichen Armen Soldaten aintzigen weis
2872 969 3954 1108 Ain Phundt vier schiling pfening Lauf gelt
2874 1094 3934 1225 geben bringen also dise drey Possten
2861 1217 3941 1346 Zusamen vierundtreissig Phund drey
2870 1331 3927 1480 schiling Zehen pfening Welche von obge
2871 1471 3888 1593 meltem empfanng abgetzogen werden
2819 1564 3953 1704 So verbleibt desselben nach benänntlichen
2811 1693 3922 1828 Ainhundert Fünffundtsechtzig Phundt
2806 1828 3928 1944 Sechs schiling Zwaintzig pfening vermig
2855 1929 3924 2062 Wolermeltes herrn Prügl etc Specifi
2862 2058 3891 2178 cierten Extractl des herrn Leben
2857 2180 3926 2305 vnnd der Trumblschlager Zwayer quit
2840 2301 4596 2486 tungen hiebey ligent f. 165. s. 6. d 20.
2880 3058 3876 3247 Latus et Suma per se.
