4796 4163
2365 166 4047 693 Empfang Von
2859 640 3975 816 dem Perckhrecht vnd voit
3215 793 3590 921 Geldt
2802 1107 3938 1282 Denn Sibentzehenten Ianuarii Erlegt
2880 1259 3901 1383 Wolf Haider von ainem Viertl wein
2875 1369 3940 1510 garten in Austern Russten Ligent vnnd
2872 1482 3953 1618 weillenndt veithen Oberßmüllner selig
2878 1597 3930 1733 en gehörig gewest des Sechs hundert
2864 1721 3939 1875 Erst Iärige Bergkhrecht für ainen halben
2866 1847 3951 2001 Emer Most in gelt Siben schiling pfening
3531 1964 4555 2142 Idest f - s. 7. d. 3.
2788 2307 3955 2454 Denn Neun vnnd Zwaintzigisten dits Erlegt
2843 2452 3958 2572 Georg Rainer Burger alhie von ainem
2839 2563 3908 2695 Achtl weingarten in Flackhen ligent
2830 2679 3908 2804 für ain viertl most Gerckhrecht auf
2848 2802 3931 2939 das negstabgewihne Sechtzehen hundert
2861 2927 3922 3059 vnnd Erste Iar in gelt drey schilling
2839 3034 4575 3189 fünfftzehen pfening Idest f - s. 3. d. 15
2715 3244 3910 3461 Latus 1. f. 2. s. 15 20 d
