4788 4129
2463 231 4112 750 Empfang auf
3164 717 3744 902 den Zuetzug
2830 1050 3971 1185 Denn lesten december stell ich hiemit
2909 1175 3955 1302 in Empfanng demnach auf der Röm.
2905 1292 4011 1421 Khay. Mt. etc vnnsers Allergenedigisten
2893 1412 3950 1533 herrn vnnd Lanndtßfürsten Allerge
2895 1525 3982 1648 nedigisten Aufpodt vnnd beuelch daß
2890 1639 3995 1778 ganntze Lanndt diß Ertzhertzogthumbs
2883 1771 3937 1902 Österreich vnnder der Enns diß abge
2879 1884 3998 2028 loffen Sechtzehenhundert vnnd Annderte
2862 2005 3975 2169 Iar Zu defentierung deß vatterlanndts
2892 2139 3950 2287 wider den Erbfeindt Cristliches Neinens
2896 2296 3962 2415 dem Turgkhen denn dreißigisten Mann
2886 2397 3984 2550 in daß Christliche Velteger in hungern
2863 2531 3995 2678 Ausstoffiern vnnd schickhen miessen al
2872 2659 3956 2792 hieige Statt Wienn aber den Zehenten
2856 2787 3873 2920 Mann geschickht So aber etliche
2825 2911 4000 3075 Burger oder Zehner Iren Soldaten Nit
2687 3214 3207 3392 Latus .
