5225 4082
719 418 1917 625 Den Viertzehenden Nouember
786 610 1900 761 Erlegt fraw Angnes weilent
780 758 1940 890 Hannsen Loderers gewesten bur
795 870 1933 1003 ger vnd Pegkhens auf der Landt
810 986 1920 1137 straß alhie säligen Hinterlaßne
769 1114 1953 1253 Wittib ietzo Maximilian Fasoldt
773 1226 1928 1374 daselbst eheliche Hausfraw die
772 1363 1920 1499 drei hundert vnd Achtzig gulden
785 1497 1915 1620 so sie in halt auf gemainer Stat
785 1608 1934 1733 Wienn Raitramen gemachten vertrags Er
810 1716 1985 1862 nentes ihres verstorbnen hauß
787 1833 1942 1976 wierts Hannsen Loderer säligen
792 1967 1941 2100 ersten abgeleibten Haußfraw
774 2096 1930 2235 Barbara auch säligen nägsten
789 2229 1930 2357 befreünden hinaus Zubetzalen
806 2367 1933 2494 schuldig gewest weliche Suma
789 2480 1977 2629 gelts gedachte Erben Zu Ihrer an
784 2609 1986 2738 khunfft im Ober Camrer Ambt
777 2748 1691 2890 Zuer fordern haben
1509 2874 2435 3080 Idest f. 380 s. d
782 3250 1523 3601 Latus per se.
3201 425 4419 668 Den 21 Nouember Erlegt Iacob
3286 640 4438 778 Vischer Burger vnd Nagler alhie
3325 767 4489 915 die fünf Pfundt vnd sechtzig Pfening
3311 899 4448 1045 welche sein verstorbne hausfrau
3269 1031 4444 1168 Margaretha sälige in ihrem testa
3331 1164 4411 1285 ment ihren nägsten befreünden
3321 1280 4384 1417 vnd bluets erben verschafft
3968 1489 4872 1659 Idest f 5 s 2 d.
3169 1568 4446 1852 Den lesten December Empfieng ich
3310 1821 4427 1958 von gemainer Stat gruntbuech
3295 1934 4437 2083 die fünf gulden Zwen schilling so
3279 2063 4431 2204 Elisabeth weilent Hannsen Leam
3271 2184 4394 2332 Pachmairs säligen hinterlaßne
3266 2314 4411 2451 Wittib Zu gemainer Stat grunt
3292 2439 4449 2579 buech erlegt vnnd ernenter Leam
3282 2576 4408 2727 Pachmair säliger seinen nägsten
3287 2716 4210 2870 befreünden verschafft hat
3937 2892 4927 3061 Idest f 5 s 2 d.
3196 3157 4369 3501 Latus 10 f 4 s. d.
