5208 4100
870 537 2093 680 Verornde Gerhaben die drey gulden
923 655 2062 803 welche gedachter Vischer Zu gemain
951 774 1692 917 ner Stat verschafft
1354 882 2524 1038 Idest f 3 s. d.
822 1012 2102 1236 Den 13 Maii Erlegt Andre Eiß
868 1216 2054 1348 distlpach burger alhie ain gulden
894 1331 2034 1461 welchen sein verstorbne hausfraun
873 1445 2056 1582 Vrsula Zu gemainer Stat Ver
946 1582 1291 1699 schafft hat
1595 1656 2481 1846 Idest f. 1. s. d
812 1867 2047 2057 Den 20 Iulii Erlegt weilent Se
922 2032 2024 2170 bastian Pladegkh huetters alhie
923 2144 2091 2268 säligen hinterlaßne Wittib Eli
917 2262 2057 2379 sabeth das legat so gedachter ihr
884 2369 2039 2501 haußwierth säliger Zu gemainer
888 2485 2051 2614 Stat gepeüen verschafft hat Ain
932 2628 2516 2820 gulden Reinisch Idest f. 1. s. d.
800 2897 2116 3119 Eodem die Erlegt Mörth Khreitzenmacher
912 3225 1936 3606 Latus 5 f. s. d.
3259 462 4418 592 Pader alhie die Zwen gulden so sein
3252 582 4405 693 vorforder Hanns Teiber säliger
3257 706 4394 842 Zu gemainer Stat gebeüen ver
3314 827 3707 967 schafft hat
4017 857 4850 1040 Idest f. 2 s. d.
3188 1078 4445 1280 Den Vierten September erlegt Ro
3295 1257 4440 1375 sina weilent Hannsen Ott bur
3277 1374 4435 1516 ger vnnd Paders alhie säligen hin
3257 1495 4433 1631 terlaßnen Wittib die Zwen gul
3256 1608 4469 1763 den so gedachter Ihr haußwierth
3278 1742 4455 1893 säliger Zu gemainer Stat verschafft
4083 1913 4843 2086 Idest f 2 s. d.
3208 2056 4412 2273 Den 22 dits Erlegt Ludwig Hart
3293 2248 4472 2390 man Maler ain gulden so sein Ver
3275 2368 4400 2499 storbne Hausfraw Margaretha
3251 2489 4381 2634 Zu gemainer Stat verschafft hat
3968 2620 4831 2802 Idest f. 1 s. d.
3091 2772 4428 3021 Den Viertzehenden December Er
3185 3125 4347 3592 Latus 5. f. s. d
