5217 4085
898 513 2083 658 mans alhie säligen abgeleibten hauß
902 633 2025 766 fraw Appolonia auch säligen verlos
869 756 2037 905 sung so sich laut Ratschlag hiebei auf
887 878 1947 1006 Vierhundert dreiundtzwaintzig
899 992 2015 1156 gulden sechs schilling Acht Pfenning
909 1144 2018 1273 erstreckht vber den nachlaß Inbe
881 1260 1966 1405 denckhung weil er Salhofer auch
881 1389 1968 1555 ain Winner khindt Viertzig gulden
890 1552 1169 1646 Reinisch
1480 1536 2497 1728 Idest f. 40 s. d.
793 1735 2018 1968 Den 13 Augustii Erlegten wei
901 1935 2024 2058 lent Hanns Wolffen burgers al
888 2056 2026 2172 hie säligen nägsten Erben von de
898 2157 2041 2287 nen sechtzig Pfundt Pfenning Erb
881 2272 2051 2390 güetl laut herrn Mathesen Sie
889 2375 2011 2498 dendorffers Rait Camer Presi
860 2483 2019 2611 denten schein hiebei die abfarth
893 2601 1268 2732 sechs gulden
1590 2679 2443 2853 Idest f. 6 s. d
792 2806 2057 3028 Den lesten Augustii Erlegt Hanns
886 3005 2029 3137 Khlain von Rosstockh im Lannds
1021 3201 1959 3569 Latus 46 f. s. d
3254 477 4399 635 Mechlburg gelegen von dem Leib
3289 596 4478 724 Claidl vnd anders so weilent Bal
3303 720 4420 858 thasar Perman Barbierer gesell
3314 830 4430 964 säliger vnder ihme verlassen
3224 977 4976 1157 Nämblichen Acht gulden Idest f. 8 s. d.
3189 1257 4459 1504 Den fünfften September Erlegt
3327 1485 4475 1626 herr Andre Rieder des Khaiser
3327 1604 4479 1763 lichen Statgerichts Beisitzer alhie
3316 1721 4430 1882 an stat weilent Pettern Vischer
3284 1865 4460 2002 burgers alhie säligen nägsten legi
3295 1978 4429 2124 timierten Erben die Abfarth von
3302 2095 4488 2239 denen ainhunndert gulden so gedach
3298 2228 4472 2367 ter Vischer säliger ernenten seinen
3295 2345 4517 2490 nägsten befreünden im testament
3302 2480 4458 2642 verschafft hat Zehen gulden Reinisch
4003 2648 4932 2833 Idest f. 10 s. d.
3235 2820 4464 3064 Den 22 September Erlegten wei
3326 3313 4398 3595 Latus 18 f. s. d
