5169 4230
816 715 2180 870 berathschlagten Anbringen undt
834 800 2577 969 Quittung Hiebey Idest 300 f - " - "
748 1045 2118 1175 Dan bringe Ich per Außgab die
830 1185 2113 1287 dem Christian Edl Maurer
820 1283 2157 1388 maistern Herrn Leönhardt
838 1385 2121 1475 Sauer Zimermaistern dem
826 1479 2125 1572 Hannß Geörg Kuchler Hütten
812 1573 2151 1677 Knecht und dem Hannß Geörg
806 1674 2189 1764 Kay. Zimermaistern angeschaff
806 1766 2145 1861 te 4 Zehenfache Raths pfening
823 1852 2157 1956 wegen ihres bey der grossen Glockhen
811 1951 2121 2050 und sonsten bey Gmr. Statt Ge
794 2052 2105 2145 bauen erzaigten Vleiß und
831 2143 2133 2245 Mühe welche in Müntz sambt
828 2241 2140 2339 lagio auf ieden ducaten 18 kr. Zu
801 2332 2150 2465 samben außtragen Ain Hundert
794 2424 2148 2520 Zwey und Sibenzig Gulden In
817 2425 2572 2621 halt Raths Passierung Hiebey Idest 172 f - " - "
794 2741 2125 2863 Den 13.ten Augu. zalte Ich dem Io
783 2864 2150 2970 hann Geörg Wilhelmb Kyberger
800 2960 2136 3063 wegen angesuchter Bassisten
791 3062 2214 3168 stöll bey St. Stephan und derent
788 3169 2137 3273 willen offerirter Composition
792 3275 2131 3394 die ihme angeschaffte Vierzig
741 3447 2105 3673 Latus 472 f - " - "
3093 656 4448 780 Gulden Inhalt Ober Camer Ambts
3120 768 4962 899 bericht und Quitt. Hiebey Idest 40 f - " - "
3102 946 4450 1076 Den 17.ten dito zalte Ich dem Iohann
3140 1070 4472 1173 Christoph Wöber Rumor Haubt
3121 1173 4463 1254 mann wegen in dem Gefan
3105 1251 4447 1348 gen hauß Iährlich begehendten
3113 1351 4415 1449 Fests Petri Kotten Feyer die
3117 1427 4453 1555 Hierzue angeschafften Neün Gul
3108 1553 4472 1669 den Laut berathschlagten Anbringen
3131 1645 4455 1753 und darauf gestelte Quittung
3123 1739 4982 1856 Hiebey Idest 9 - " - "
3040 1940 4448 2085 Den 29.ten dito zalte Ich dem Franz To
3120 2085 4411 2170 bia Kollmann wegen über
3127 2166 4399 2269 raichten Grundtrieß der St.
3147 2268 4423 2368 Stephans dom Kirchen die Ihme
3153 2357 4425 2461 angeschaffte Dreyßig Gulden
3144 2465 4466 2561 Laut berathschlagten Anbringen
3145 2519 5002 2671 und Quittung Hiebey Idest 30 f - " - "
3052 2750 4487 2900 Den 2.ten 7bris bringe Ich per Auß
3102 2905 4460 3001 gaab die dem Gehaimben Secre
3104 3006 4469 3106 tario der Referendario Herrn Dri
3109 3100 4465 3199 Managetta wegen der Gmr. Statt
3105 3199 4454 3296 und Burgerschafft gelaisten er
3074 3296 4447 3406 strüeßlichen diensten die zur
3042 3475 4282 3673 Latus 79 f - " - "
