5206 4228
3235 274 4327 858 Außgab
3144 815 4521 974 Auff Schanckh und Verehrungen
3091 1096 4423 1243 Den 20.ten Iulii Anno 1712 Zalte
3127 1248 4452 1344 Ich Herrn Ioseph Hartmann
3136 1339 4369 1425 I. V. Dri. und deß Innern
3135 1427 4412 1514 Statt Raths die ihme Herrn
3159 1519 4412 1606 wegen Verschidener extra Ver
3146 1611 4407 1713 richtungen zur gebettenen Re
3133 1688 4429 1787 compens angeschaffte Ain Hun
3140 1785 4410 1892 dert Funffzig Gulden Inhalt
3149 1898 4393 2018 berathschlagten Anbringen und
3145 1954 5021 2109 Quittung Hiebey Idest 150 f - " - "
3059 2169 4414 2303 Den 23.ten dito zalte Ich P. Antonio
3115 2303 4407 2400 Malkhnecht S. I. die zur grosser
3103 2401 4368 2500 Kinderlehr angeschaffte Neün
3110 2493 4414 2602 Gulden Laut berathschlagten An
3141 2602 5010 2725 bringen und Quitt. Hiebey Idest 9 f - " - "
3010 2765 4406 2910 Den 25.ten dito zalte Ich Herrn Ambrosio
3098 2916 4387 3020 Händler Steyer Gegenhandlern
3110 3018 4405 3122 die auß angeführt Verschiedenen
3112 3115 4407 3216 beweg Vrsachen neben nachsehung
3106 3215 4439 3306 seines Raitrests ihme angeschaff
3112 3299 4426 3411 te Drey Hundert Gulden Laut
3068 3471 4370 3680 Latus 159 f - " - "
