5195 4249
681 1438 2122 1582 Summa dießer Außgab Zwelff
800 1577 2063 1712 Taußend Sechs Hunderth
788 1693 2076 1842 Sechs und Funffzig Gulden
904 1806 1352 1903 5 s. 2 d.
905 1903 2069 2128 12656 f. 5 s. 2 d.
3397 394 4182 850 Außgaab
3005 809 4531 978 Auff Gemainer Statt Zeüghauß
3137 1074 4397 1206 Den Lezten 7bris Anno 1712
3145 1207 4391 1323 Zalte Ich Gmr. Statt Zeug
3138 1314 4423 1418 warth sein an Heünt Verfal
3124 1421 4381 1519 lenes Quartall mit Ain
3129 1523 4368 1624 Hundert Gulden Vermög
3119 1587 4924 1742 Quittung Hiebey Idest 100 f - " - "
3096 1851 4423 1987 Den Lezten Decembris zalte Ich
3139 1992 4442 2086 ihme sein an Heünt Verfalle
3124 2083 4466 2166 ne Quartals bsoldtung mit
3095 2166 4445 2274 Ain Hundert Gulden Inhalt
3093 2249 4983 2381 Quittung Hiebey Idest 100 f - " - "
3047 2484 4423 2622 Dan bringe ich per Außgaab
3121 2616 4465 2723 die dem Anndreæ Fierer handt
3111 2723 4450 2829 langern im Zeüghauß seine
3118 2827 4432 2933 von 19.ten Decem. 1711 bis Lezten
3119 2937 4443 3043 Decembris 1712 auf 54 wochen
3122 3041 4415 3142 Verfallene bsoldtung mit
3128 3139 4441 3250 Ain und achtzig Gulden Gegen
3106 3207 4990 3349 Quittung Hiebey Idest 81 f - " - "
2968 3422 4489 3622 Latus et Summa 281 f - "
