5199 4224
737 658 2137 837 Den 12.ten Nouemb. bringe Ich auf bey
812 835 2122 929 ligentes Raths Decret per Auß
814 935 2055 1013 gab die wegen Confirmation
800 1010 2147 1107 Eines Löbl. Statt Rath und Kay.
806 1103 2100 1201 Statt Gerichts Ihrer Execellenz
796 1187 2133 1291 Herrn Statthalter zur dankhbah
792 1289 2098 1383 ren Erkhandtnuß zuuerehren
789 1386 2101 1487 geschlossene 100 Cremnizer duc
783 1475 2140 1586 caten die bringen in Müntz sambt
799 1589 2107 1689 lagio auf ieden 17 kr benentl.
825 1699 2094 1767 Vier Hundert Acht und Zwain
806 1629 2575 1916 zig Gulden 2 s. 20 d. Idest 428 f. 2 s. 20 d.
728 1909 2094 2038 Vmb Einen Hierzue erkhaufften
793 1920 2550 2114 Sameten Beitl. 6 s. 24 d.
725 2173 2115 2299 Nitweniger Ihro Gnaden Herrn Vice
794 2293 2094 2394 Statthaltern und Herrn Regts
821 2388 2096 2482 Canzlern Iedem Herrn 300 f
812 2471 2136 2574 Zusamben Sechs Hundert Gulden
838 2466 2543 2644 Idest 600 f - " - "
675 2688 2105 2806 Wie auch dem Ghrts Secretario h.
742 2795 2098 2896 Kullmayr Ain Hunderth
772 2766 2555 2978 Gulden Idest 100 f - " - "
704 3047 2070 3176 Den 14.ten dito zalte Ich dem Iohann
785 3167 2114 3266 Michäel Pauman Brodtbschauer
794 3264 2094 3347 Adjuncten die ihme wegen sei
779 3348 2062 3447 ner bemüehung angeschaffte
545 3481 2015 3719 Latus 1129 f. 1 s. 14 d.
3091 694 4475 828 Vierzig Gulden Vermög berath
3101 824 4449 930 schlagten Anbringen und darauf
3092 902 5001 1028 gestelte Quittung Hiebey Idest 40 f - " - "
3053 1087 4471 1228 Den 15.ten dito zalte Ich dem Leonhard
3123 1227 4415 1313 Graff und Franz Camermayr
3140 1308 4416 1391 wegen auf absterben deß Herrn
3146 1396 4402 1482 Zächer Capellmaisters seel. be
3130 1482 4420 1565 schribener Musicalien bey St. Ste
3124 1563 4412 1655 phan die ihnen angeschaffte Vier
3130 1651 4408 1754 und Zwainzig Gulden Vermög
3129 1757 4384 1846 berathschlagten Anbringen und
3124 1841 4366 1934 darauf gestelten Quittung
3108 1901 4974 2044 Hiebey Idest 24 f " - " -
3044 2113 4410 2243 Den 21.ten dito zalte Ich denen PP. Do
3110 2245 4404 2330 minicanern wegen deß Anni
3112 2331 4345 2416 uersarii für die Verstorbene
3123 2412 4419 2504 Raths mitglider die gewöhnliche
3087 2501 4411 2613 Dreyßig Gulden Crafft berath
3090 2609 4452 2688 schlagten Abringen und darauff
3090 2662 4951 2807 gestelten Quittung Hiebey Idest 30 f. - " - "
3021 2881 4402 3004 Den 22.ten dito zalte Ich dem Iohann
3099 3004 4420 3109 Antoni Gräbisch Vngeldt Ambts
3083 3111 4416 3205 schreibern die Ihme zu gebette
3069 3194 4435 3291 ner Recompens angeschaffte Funff
3129 3289 4421 3392 zig Gulden Laut Anbringen und
3104 3356 4964 3487 Quittung Hiebey Idest 50 f - " - "
3182 3542 4320 3699 Latus 144 f - " - "
