5191 4223
799 680 2116 833 Schweizer deß außeren Raths
810 832 2154 924 und Spitlmaistern wegen ge
789 929 2119 1018 habter Mühewaltung bey der
782 1019 2125 1124 Vicedomischen Proces Sachen und
767 1125 2146 1216 Verfaste berechnung den ihme an
778 1218 2152 1325 geschafften 10 fachen Raths pfening
772 1308 2147 1407 So in müntz sambt lagico à 18 kr
786 1403 2141 1497 außtraget Drey und Vierzig
794 1505 2108 1608 Gulden auf sein berathschlag
790 1608 2127 1694 tes Anbringen und darauf ge
786 1618 2597 1802 stelte Quittung Hiebey Idest 43 f - " - "
745 1947 2109 2080 Den Ersten octobris zalte Ich
789 2076 2070 2188 dem Heinrich Holzhaußer
777 2184 2105 2282 Tenorista bey St. Stephan die
786 2284 2134 2379 ihme zur gebettenen Recompens
808 2373 2095 2482 angeschaffte Funffzig Gulden
817 2486 2100 2571 Inhalt Anbringen OberCammer
816 2570 2155 2670 Ambts bericht und Quittung
807 2555 2589 2760 Hiebey Idest 50 f - " - "
727 2861 2169 3018 Den 16.ten dito zalte Ich Herrn Cristoph
788 3015 2171 3124 Clamer burg. Specerey Handls
784 3109 2144 3210 mann wegen bey der Hütter sat
768 3211 2098 3306 zung gelifertte 117 pfundt
770 3308 2185 3425 fein Zukher den Centen per 62 f.
787 3500 1997 3684 Latus 93 f - " - "
3111 671 4505 813 sein Außzügl mit Ain Hundert
3126 805 5049 938 und Vier Gulden Idest 104 f - " - "
3047 1021 4490 1161 Den 22.ten dito zalte Ich Frauen Otti
3132 1162 4463 1258 lia Hächerin Wittib die ihr gegen
3153 1265 4441 1361 alsobaldtiger raumung deß Ca
3148 1355 4455 1456 pellhaußes zur Zimer beyhilff
3140 1455 4448 1554 angeschaffte Ain Hundert Gul
3127 1557 4424 1656 den Vermög berathschlagten
3126 1654 4408 1753 Anbringen und Quittung
3137 1732 5010 1862 Hiebey Idest 100 f - " - "
3093 1960 4462 2080 Dito zalte Ich Herrn Iohann Carl
3129 2081 4448 2182 Landtrachtinger die ihme an
3115 2175 4436 2293 geschaffte Zwelff Gulden Crafft
3136 2293 4401 2383 berathschlagten Anbringen
3139 2386 4434 2486 und darauf gestelten Quit
3126 2461 4987 2596 tung Hiebey Idest 12 f - " - "
3079 2692 4435 2821 Den 24.ten dito zalte Ich denen PP.
3108 2825 4427 2926 Camalduensern am Iosephs berg
3126 2928 4402 3029 die ihnen zu ihrem Altar ge
3115 3022 4402 3125 baü angeschaffte Fünff und
3123 3116 4403 3241 Sibenzig Gulden Laut An
3098 3241 4455 3334 bringen und darauf gestel
3081 3320 5014 3438 ten Quittung Hiebey Idest 75 f - " - "
3102 3481 4357 3655 Latus 291 f - " - "
