5194 4211
760 658 2098 799 auß dem Vnter Camer Ambt
773 806 2067 895 empfangenen 10 Centen alten
751 898 2088 1006 Eisen zuruckh behaltenen 30 f.
754 996 2090 1099 den übberrest mit Siben hun
745 1101 2074 1196 dert Sibenzig Gulden Vermög
753 1195 2108 1291 Quittung und Raths Verordt
769 1218 2538 1401 nung Hiebey Idest 770 f - " - "
663 1494 2067 1624 Den Hannß Stögmillner Ha
744 1621 2034 1731 merschmidt zu Hüttenberg
751 1728 2079 1825 wegen schmidtung Eines neuen
725 1825 2020 1931 Klächels umb willen die Vo
728 1934 2006 2029 rige zuring wahren Ain
730 2021 1994 2125 Hundert Vier und Sechzig
717 2118 2029 2242 Gulden 2 s. Crafft Quittung
1797 2012 2578 2269 Idest 164 f 2 s - "
638 2314 2063 2441 Zumahlen selbigem aber noch
707 2444 2051 2532 mahlen mehrer Eisen ange
727 2534 2058 2634 schwaisst werdten müessen
736 2627 2038 2732 in abschlag Funffzig Gulden
741 2615 2562 2822 Laut Quittung Idest 50 f - " - "
648 2949 2005 3081 Indem aber Von allen dißen
669 3081 2029 3196 Kächeln gleichwohl kheiner
747 3186 2044 3292 tauglich gewest ist enlich
731 3293 2066 3388 auf dem Hamer zu Mürtz
694 3463 2087 3662 Latus 984 f. 2 s. - "
3065 676 4370 809 zueschlag Einer mit 16 Centen
3084 796 4346 905 25 pfundt außgearbeittet
3102 906 4370 1001 wordten welcher nun Eins
3090 1008 4368 1118 mahls die rechte würkhung
3109 1118 4344 1217 thuet dahero dem h. Geörg
3103 1211 4391 1315 Balthasar Kürner Von Kärner
3084 1307 4384 1417 sperg Iedes pfundt per 20 kr. thut
3083 1407 4410 1509 541 f 40 kr. denen Hamerkhnechten
3085 1508 4334 1619 zum trünckhgeldt 12 f. und
3069 1613 4392 1718 für die fuhrleüt 3 f. Zusamben
3073 1708 4409 1831 Fünff Hundert Sechs vnd funff
3068 1825 4376 1934 zig Gulden 5 s. 10 d. auf bey
3085 1922 4345 2030 ligendte Buchhalterey Rela
3107 2034 4360 2122 tion und darauf gestelte
3107 2061 5028 2253 Quittung bezalt worden Idest 556 f. 5 s. 10 d.
3041 2342 4351 2471 Den Iacobo Scheibl burgerlichen
3098 2479 4354 2568 Schlosser wegen beschlagung
3108 2557 4413 2655 deß Helm und andterer Schlos
3087 2650 4345 2753 serarbeith in abschlag Neün
3091 2760 4311 2845 Hundert Gulden Vermög
3102 2796 4970 2935 dreyer Quittung Idest 900 f - " - "
3026 2989 4390 3113 Mehr wegen deß Lezt Verfert
3072 3113 4414 3212 tigten Klächl auf seine abreiß
3106 3210 4372 3294 und aufwendendte Verkhosten
3098 3286 4358 3396 in abschlag Funffzig Gulden
2994 3454 4377 3686 Latus 1456 f. 5 s. 10 d.
