5190 4237
753 706 2173 883 Den 26.ten dito zalte Ich Herrn Ioseph
793 880 2115 974 Hartmann I. V. Dri und deß
791 964 2109 1065 Innern Statt Raths die Ihme
792 1058 2095 1157 Herrn zum Hochzeit Prasent
792 1145 2137 1257 angeschaffte Fünff und Sibenzig
779 1259 2138 1350 Gulden Gegen Quittung und
781 1262 2560 1455 Anbringen Hiebey Idest 75 f - " - "
738 1561 2051 1689 Den 12.ten Decembris Zalte Ich dem
785 1681 2088 1788 Carl Lininger Steyer diener die
793 1775 2099 1875 ihme in ansehung seiner Lang
795 1867 2100 1962 würig bedienng und ander
803 1944 2102 2059 begebnussen auf sein berath
771 2049 2101 2153 schlagtes Anbringen angeschaffte
764 2132 2143 2246 Ain Hundert und Funffzig Gul
770 2123 2560 2324 den Idest 150 f - " - "
699 2392 2133 2529 Den Letzten dito bringe Ich per Auß
775 2524 2093 2621 gab die Ihrer Execellenz Herrn
783 2618 2107 2710 Graffen Khöuenhiller ietzt zum
790 2705 2125 2797 Neuen Iahr gebührendte Ain
830 2774 2140 2894 Hundert und Funffzig Gulden
784 2767 2553 2994 Idest 150 f - " - "
705 3059 2176 3182 Dan Ihro Gnaden Herrn Von Kriech
804 3179 2167 3276 paumb Vice Statthaltern Ain
801 3140 2593 3356 Hundert Gulden Idest 100 f - " - "
748 3366 2150 3489 Wie auch Ihro Gnaden h. V. Schmidtin
867 3551 2017 3690 Latus 475 f - " - "
3158 670 4478 811 Regiments Canzlern Fünff und
3146 801 5000 923 Sibenzig Gulden Idest 75 f - " - "
3130 986 4488 1102 Dito zalte Ich Herrn Iohann Lorenz
3180 1107 4465 1203 Trunckh V. Guettenberg der Röm.
3173 1204 4459 1296 Kay. Maytt. Rath und Stattrich
3158 1292 4432 1387 tern die ihme Herrn auf diß
3152 1382 4454 1476 Iahr Verfallene Fünff Hundert
3134 1476 4406 1566 Gulden Inhalt Quittung
3139 1529 4975 1655 Hiebey Idest 500 f - " - "
3116 1720 4448 1846 Auch zalte Ich Herrn Sigmund Guß
3156 1849 4425 1937 wann deß außern Raths
3182 1938 4403 2028 und Gmr. Statt Secretario
3169 2035 4454 2131 die Iährliche Recompens mit 15 f.
3161 2127 4458 2222 vnd 63 f Grundtbuchs deputat
3144 2221 4449 2320 Zusamben Ain Hundert und
3099 2321 4440 2421 Fünff Gulden Vermög Quit
3113 2377 4974 2508 tung Hiebey Idest 105 f - " - "
3088 2556 4380 2662 Ferrer Zalte Ich Herrn Iacobo
3062 2662 4421 2764 Schikh Gmr. Statt Mautthand
3121 2760 4390 2845 lern die ihme zum Hochzeit
3148 2844 4385 2932 Præsent angeschaffte Dreyßig
3137 2931 4358 3025 Gulden Crafft Laadschreiben
3126 3022 4397 3115 und darauf gestelten Quit
3106 3072 4975 3213 tung Hiebey Idest 30 f - " - "
3017 3281 4409 3439 Dan bringe Ich per Außgaab die
3113 3501 4355 3669 Latus 710 f - " - "
