5161 4238
3324 348 4198 943 Außgab
3016 867 4502 1059 Auff Kleidung und Opffer Geldt
3069 1219 4446 1350 Den 4.ten Decembris Anno 1712 zalte
3112 1347 4385 1456 Ich denen dreyen Raths die
3124 1442 4391 1555 nern die ihnen auf diß
3113 1549 4412 1652 Iahr gebührendte Vier und
3086 1648 4459 1762 Zweinzig Gulden Klaider geldt
3112 1741 4937 1877 Laut Quittung Hiebey Idest 24 f - " - "
3044 1998 4416 2137 Den Lezten dito zalte Ich Herrn
3111 2129 4444 2235 Iacobo Schwärzl OberCamer
3090 2222 4461 2332 Ambts Remanenzern die ihme
3131 2326 4379 2423 auf diß Iahr gebührendte
3095 2417 4431 2534 Sechs Gulden Klaider geldt Crafft
3103 2473 4936 2639 Quittung Hiebey Idest 6 f - " - "
2862 2855 4469 3091 Latus der Summa
3427 3169 4191 3309 30 f. - " - "
