<?xml version="1.0" encoding="UTF-8" standalone="yes"?>
<PcGts xmlns="http://schema.primaresearch.org/PAGE/gts/pagecontent/2013-07-15">
    <Metadata>
        <Creator>prov=READ-COOP:name=PyLaia@TranskribusPlatform:version=2.27.0:model_id=364005:lm=provided:date=01_07_2025_11:16</Creator>
        <Created>2025-06-17T09:44:08.743+02:00</Created>
        <LastChange>2025-08-29T09:05:26.328+02:00</LastChange>
        <TranskribusMetadata docId="9076335" pageId="99172965" pageNr="170" status="GT" userId="261754" imgUrl="https://files.transkribus.eu/Get?id=PZIBBOKFMQGIQYWIJEUDGDKJ&amp;fileType=view" imageId="83208850"/>
    </Metadata>
    <Page imageFilename="99172965.tif" imageWidth="5193" imageHeight="4220">
        <TextRegion id="region_151934220" custom="readingOrder {index:0;}">
            <Coords points="0,0 2596,0 2596,4220 0,4220"/>
            <TextLine id="tl_1750856463" custom="readingOrder {index:0;}">
                <Coords points="2142,742 2138,724 2125,715 2086,706 2044,703 1444,720 1328,720 1039,707 865,706 837,709 792,724 788,733 787,803 800,812 858,821 1092,834 1704,834 2133,819 2142,813"/>
                <Baseline points="787,799 2142,799"/>
                <TextEquiv>
                    <Unicode>dankhbahren Erkhandtnuß zuuer</Unicode>
                </TextEquiv>
            </TextLine>
            <TextLine id="tl_1750856467" custom="readingOrder {index:1;}">
                <Coords points="801,835 2168,835 2168,925 801,925"/>
                <Baseline points="801,901 2168,901"/>
                <TextEquiv>
                    <Unicode>ehren geschlossen und ihme herrn</Unicode>
                </TextEquiv>
            </TextLine>
            <TextLine id="tl_1750856468" custom="readingOrder {index:2;} unclear {offset:18;length:9;}">
                <Coords points="2105,961 2101,956 2086,953 1945,949 1825,935 1750,931 1500,929 1105,938 896,949 843,959 829,967 828,1001 833,1010 885,1022 2026,1020 2103,1012"/>
                <Baseline points="828,998 2105,998"/>
                <TextEquiv>
                    <Unicode>angehündtigte 150 Creninzer</Unicode>
                </TextEquiv>
            </TextLine>
            <TextLine id="tl_1750856479" custom="readingOrder {index:3;}">
                <Coords points="813,1032 2116,1032 2116,1124 1704,1117 1629,1144 1530,1117 813,1124"/>
                <Baseline points="813,1101 2116,1101"/>
                <TextEquiv>
                    <Unicode>ducaten die bringen in Müntz</Unicode>
                </TextEquiv>
            </TextLine>
            <TextLine id="tl_1750856474" custom="readingOrder {index:4;} unclear {offset:25;length:3;}">
                <Coords points="794,1123 2119,1123 2119,1229 794,1229"/>
                <Baseline points="794,1201 2119,1201"/>
                <TextEquiv>
                    <Unicode>sambt lagio auf ieden 18 kr. Sechs</Unicode>
                </TextEquiv>
            </TextLine>
            <TextLine id="tl_1750856475" custom="readingOrder {index:5;}">
                <Coords points="762,1226 2157,1226 2157,1340 762,1340"/>
                <Baseline points="762,1310 2157,1310"/>
                <TextEquiv>
                    <Unicode>Hundert Fünff und Viertzig Gul</Unicode>
                </TextEquiv>
            </TextLine>
            <TextLine id="tl_1750856456" custom="readingOrder {index:6;}">
                <Coords points="2560,1298 2550,1283 2468,1272 2333,1274 2193,1306 2148,1324 2013,1338 873,1340 787,1354 782,1371 788,1378 787,1394 797,1402 832,1414 910,1421 2225,1419 2347,1413 2491,1385 2554,1362 2561,1350"/>
                <Baseline points="782,1383 2561,1383"/>
                <TextEquiv>
                    <Unicode>den ut Raths Decret Idest 645 f - " - "</Unicode>
                </TextEquiv>
            </TextLine>
            <TextLine id="tl_1750856494" custom="readingOrder {index:7;}">
                <Coords points="726,1589 800,1598 1328,1595 2118,1602 2164,1596 2172,1588 2175,1569 2173,1505 2152,1495 2099,1492 1806,1493 1362,1503 1066,1479 797,1470 733,1485 725,1493"/>
                <Baseline points="725,1569 2175,1569"/>
                <TextEquiv>
                    <Unicode>Dan umb einen Hierzue erkhauff</Unicode>
                </TextEquiv>
            </TextLine>
            <TextLine id="tl_1750856470" custom="readingOrder {index:8;} unclear {offset:4;length:7;}">
                <Coords points="2583,1524 2573,1503 2555,1497 2448,1503 2336,1534 2333,1545 2297,1564 2166,1591 1983,1612 1843,1614 1682,1605 978,1608 820,1617 798,1624 793,1675 798,1687 824,1695 1007,1708 1838,1712 2366,1705 2501,1682 2569,1657 2579,1644 2583,1623"/>
                <Baseline points="793,1656 2583,1656"/>
                <TextEquiv>
                    <Unicode>ten Sameten Beitl - " 6 s. 24 d.</Unicode>
                </TextEquiv>
            </TextLine>
            <TextLine id="tl_1750856465" custom="readingOrder {index:9;}">
                <Coords points="723,1806 723,1885 727,1890 745,1894 1808,1896 2021,1890 2043,1887 2053,1880 2053,1829 2048,1820 1994,1804 1896,1793 1343,1785 1059,1786 990,1782 939,1774 791,1772 739,1788 726,1797"/>
                <Baseline points="723,1865 2053,1865"/>
                <TextEquiv>
                    <Unicode>Dito zalte Ich dem Augustino</Unicode>
                </TextEquiv>
            </TextLine>
            <TextLine id="tl_1750856491" custom="readingOrder {index:10;}">
                <Coords points="745,1896 2107,1896 2107,2002 745,2002"/>
                <Baseline points="745,1974 2107,1974"/>
                <TextEquiv>
                    <Unicode>Härmbler die der Procession Von</Unicode>
                </TextEquiv>
            </TextLine>
            <TextLine id="tl_1750856495" custom="readingOrder {index:11;}">
                <Coords points="737,2029 738,2085 749,2090 786,2093 1318,2093 1515,2083 2053,2076 2107,2072 2112,2059 2109,2016 2088,2010 1197,2005 797,2013 740,2023"/>
                <Baseline points="737,2071 2112,2071"/>
                <TextEquiv>
                    <Unicode>der Leopold Statt macher Cärnä</Unicode>
                </TextEquiv>
            </TextLine>
            <TextLine id="tl_1750856462" custom="readingOrder {index:12;}">
                <Coords points="2130,2113 2123,2097 2049,2078 1883,2073 1560,2078 1454,2085 1322,2107 1226,2116 927,2108 767,2114 749,2123 749,2172 758,2181 800,2187 910,2191 2098,2188 2129,2180"/>
                <Baseline points="749,2160 2130,2160"/>
                <TextEquiv>
                    <Unicode>brun angeschaffte Zehen Gulden</Unicode>
                </TextEquiv>
            </TextLine>
            <TextLine id="tl_1750856490" custom="readingOrder {index:13;}">
                <Coords points="743,2197 2155,2197 2155,2291 743,2291"/>
                <Baseline points="743,2266 2155,2266"/>
                <TextEquiv>
                    <Unicode>Inhalt berathschlagten Anbringen</Unicode>
                </TextEquiv>
            </TextLine>
            <TextLine id="tl_1750856499" custom="readingOrder {index:14;}">
                <Coords points="750,2285 2113,2285 2113,2388 750,2388"/>
                <Baseline points="750,2360 2113,2360"/>
                <TextEquiv>
                    <Unicode>und darauf gestelte Quittung</Unicode>
                </TextEquiv>
            </TextLine>
            <TextLine id="tl_1750856453" custom="readingOrder {index:15;}">
                <Coords points="2566,2321 2557,2297 2499,2306 2383,2319 2309,2334 2267,2349 1941,2391 1375,2402 880,2400 765,2415 756,2420 759,2433 753,2447 765,2473 836,2476 2021,2473 2260,2462 2403,2436 2465,2419 2498,2400 2534,2390 2546,2379"/>
                <Baseline points="753,2432 2548,2432"/>
                <TextEquiv>
                    <Unicode>Hiebey Idest 10 f - " - "</Unicode>
                </TextEquiv>
            </TextLine>
            <TextLine id="tl_1750856464" custom="readingOrder {index:16;}">
                <Coords points="712,2581 713,2657 729,2665 785,2669 1890,2669 2083,2651 2091,2643 2090,2594 2078,2583 1981,2566 1867,2560 1667,2560 1415,2553 1227,2556 1024,2536 779,2531 763,2536 751,2549 721,2561"/>
                <Baseline points="712,2633 2091,2633"/>
                <TextEquiv>
                    <Unicode>Den 6.ten dito zalte Ich Herrn Iohann</Unicode>
                </TextEquiv>
            </TextLine>
            <TextLine id="tl_1750856493" custom="readingOrder {index:17;}">
                <Coords points="794,2670 2126,2670 2126,2771 794,2771"/>
                <Baseline points="794,2745 2126,2745"/>
                <TextEquiv>
                    <Unicode>Hoffmann Kay. Saltz Versilbern</Unicode>
                </TextEquiv>
            </TextLine>
            <TextLine id="tl_1750856471" custom="readingOrder {index:18;}">
                <Coords points="2125,2765 2122,2761 2104,2758 1650,2765 1460,2776 1003,2778 879,2787 817,2800 809,2808 810,2857 823,2859 1759,2859 2015,2852 2066,2848 2122,2835"/>
                <Baseline points="809,2833 2125,2833"/>
                <TextEquiv>
                    <Unicode>umb für Einen Löbl. Statt Rath</Unicode>
                </TextEquiv>
            </TextLine>
            <TextLine id="tl_1750856492" custom="readingOrder {index:19;}">
                <Coords points="795,2948 805,2952 1955,2948 2101,2941 2109,2934 2106,2879 2064,2872 1993,2868 1730,2868 1589,2862 1080,2868 860,2878 803,2889 796,2893"/>
                <Baseline points="795,2928 2109,2928"/>
                <TextEquiv>
                    <Unicode>und thails hh. officiren abge</Unicode>
                </TextEquiv>
            </TextLine>
            <TextLine id="tl_1750856477" custom="readingOrder {index:20;} unclear {offset:31;length:3;}">
                <Coords points="2141,2957 2134,2950 1691,2949 987,2964 838,2974 782,2987 773,2994 772,3041 777,3055 1733,3056 1928,3049 2132,3030 2141,3019"/>
                <Baseline points="772,3027 2141,3027"/>
                <TextEquiv>
                    <Unicode>folgter 922 Rüeffel Saltz à 42 kr.</Unicode>
                </TextEquiv>
            </TextLine>
            <TextLine id="tl_1750856469" custom="readingOrder {index:21;} unclear {offset:13;length:2;}">
                <Coords points="752,3052 2122,3052 2122,3154 752,3154"/>
                <Baseline points="752,3127 2122,3127"/>
                <TextEquiv>
                    <Unicode>sambt 2 f 30 kr aufland Geldt Zu</Unicode>
                </TextEquiv>
            </TextLine>
            <TextLine id="tl_1750856459" custom="readingOrder {index:22;}">
                <Coords points="733,3150 2124,3150 2124,3255 733,3255"/>
                <Baseline points="733,3228 2124,3228"/>
                <TextEquiv>
                    <Unicode>samben Sechs Hundert Siben und</Unicode>
                </TextEquiv>
            </TextLine>
            <TextLine id="line_1751014464176_5321" custom="readingOrder {index:23;}">
                <Coords points="744,3257 768,3253 1626,3261 1958,3280 2003,3292 2128,3312 2129,3311 2129,3367 990,3369 850,3365 764,3355 749,3349 741,3339 739,3271"/>
                <Baseline points="739,3340 2129,3340"/>
                <TextEquiv>
                    <Unicode>Vierzig Gulden 7 s. 6 d. Vermög</Unicode>
                </TextEquiv>
            </TextLine>
            <TextLine id="tl_1750856457" custom="readingOrder {index:24;}">
                <Coords points="2578,3216 2573,3204 2551,3195 2477,3204 2402,3231 2375,3250 2113,3325 2024,3340 1692,3360 836,3370 813,3374 767,3387 769,3413 828,3424 870,3436 939,3439 1964,3439 2296,3429 2372,3419 2570,3361 2579,3338"/>
                <Baseline points="803,3378 2579,3378"/>
                <TextEquiv>
                    <Unicode>Quittung Hiebey Idest 647 f. 7 s. 6 d.</Unicode>
                </TextEquiv>
            </TextLine>
            <TextLine id="tl_1750856498" custom="readingOrder {index:25;}">
                <Coords points="686,3522 2029,3522 2029,3711 686,3711"/>
                <Baseline points="686,3663 2029,3663"/>
                <TextEquiv>
                    <Unicode>Latus 1303 f. 6 s. - d.</Unicode>
                </TextEquiv>
            </TextLine>
            <TextEquiv>
                <Unicode></Unicode>
            </TextEquiv>
        </TextRegion>
        <TextRegion id="region_251934220" custom="readingOrder {index:1;}">
            <Coords points="2597,0 5193,0 5193,4220 2597,4220"/>
            <TextLine id="tl_1750856497" custom="readingOrder {index:0;}">
                <Coords points="3072,737 3072,790 3077,798 3163,809 3454,810 3571,815 4149,815 4351,811 4392,807 4419,815 4428,803 4415,742 4406,733 4323,715 4265,710 4008,708 3821,695 3623,700 3397,675 3287,675 3137,682 3124,687 3112,702 3083,719"/>
                <Baseline points="3072,780 4415,780"/>
                <TextEquiv>
                    <Unicode>Den 13.ten dito zalte Ich denen PP. Capu</Unicode>
                </TextEquiv>
            </TextLine>
            <TextLine id="tl_1750856482" custom="readingOrder {index:1;}">
                <Coords points="4420,867 4411,854 4357,831 3791,819 3496,837 3299,831 3145,835 3125,843 3127,900 3136,905 3213,913 3576,906 3843,909 4016,917 4321,916 4366,913 4413,904 4419,894"/>
                <Baseline points="3125,891 4420,891"/>
                <TextEquiv>
                    <Unicode>cinern am Neuen Marckht die</Unicode>
                </TextEquiv>
            </TextLine>
            <TextLine id="tl_1750856455" custom="readingOrder {index:2;}">
                <Coords points="3141,994 3151,1001 3292,1014 3849,1014 4058,1022 4400,1020 4405,1014 4405,967 4394,960 4237,948 4111,932 3883,920 3664,924 3441,920 3310,925 3200,935 3157,946 3143,953"/>
                <Baseline points="3141,995 4405,995"/>
                <TextEquiv>
                    <Unicode>zu der Festiuitet des Heylig ge</Unicode>
                </TextEquiv>
            </TextLine>
            <TextLine id="tl_1750856483" custom="readingOrder {index:3;}">
                <Coords points="3097,1034 3099,1093 3112,1104 3161,1113 3862,1111 4059,1116 4426,1116 4437,1111 4437,1067 4426,1060 4226,1037 4105,1029 3773,1024 3521,1032 3445,1026 3159,1021 3107,1026"/>
                <Baseline points="3097,1090 4437,1090"/>
                <TextEquiv>
                    <Unicode>sprochenen Fratris Felicis ange</Unicode>
                </TextEquiv>
            </TextLine>
            <TextLine id="tl_1750856481" custom="readingOrder {index:4;}">
                <Coords points="3103,1115 4428,1115 4428,1222 3103,1222"/>
                <Baseline points="3103,1193 4428,1193"/>
                <TextEquiv>
                    <Unicode>schaffte Funffzig Gulden Inhalt</Unicode>
                </TextEquiv>
            </TextLine>
            <TextLine id="tl_1750856476" custom="readingOrder {index:5;}">
                <Coords points="3114,1221 4443,1221 4443,1300 4183,1307 4140,1316 4068,1292 3114,1300"/>
                <Baseline points="3114,1278 4443,1278"/>
                <TextEquiv>
                    <Unicode>berathschlagten Anbringen und</Unicode>
                </TextEquiv>
            </TextLine>
            <TextLine id="tl_1750856488" custom="readingOrder {index:6;}">
                <Coords points="4391,1342 4389,1335 4381,1330 4296,1309 4235,1304 4025,1302 3549,1309 3218,1323 3153,1330 3137,1337 3136,1371 3144,1379 3183,1384 3386,1389 3464,1395 4386,1394 4390,1389"/>
                <Baseline points="3136,1371 4391,1371"/>
                <TextEquiv>
                    <Unicode>darauf gestelten Quittung</Unicode>
                </TextEquiv>
            </TextLine>
            <TextLine id="tl_1750856451" custom="readingOrder {index:7;}">
                <Coords points="4971,1434 4959,1419 4902,1394 4855,1387 4468,1388 3769,1410 3205,1403 3117,1417 3111,1473 3115,1489 3129,1497 3211,1515 3263,1518 4686,1521 4958,1505 4971,1494"/>
                <Baseline points="3111,1486 4971,1486"/>
                <TextEquiv>
                    <Unicode>Hiebey Idest 50 f - " - "</Unicode>
                </TextEquiv>
            </TextLine>
            <TextLine id="tl_1750856454" custom="readingOrder {index:8;}">
                <Coords points="3052,1615 3055,1697 3080,1705 3153,1712 4360,1714 4429,1710 4444,1705 4448,1697 4448,1638 4443,1631 4334,1618 4088,1611 3908,1598 3599,1599 3401,1587 3127,1584 3062,1593 3054,1601"/>
                <Baseline points="3052,1680 4448,1680"/>
                <TextEquiv>
                    <Unicode>Den 24.ten dito zalte Ich dem Benedict</Unicode>
                </TextEquiv>
            </TextLine>
            <TextLine id="tl_1750856458" custom="readingOrder {index:9;}">
                <Coords points="4442,1736 4432,1727 4392,1724 4035,1723 3896,1716 3288,1723 3180,1732 3123,1744 3115,1753 3114,1786 3123,1794 3160,1800 3249,1804 4217,1807 4437,1793 4442,1787"/>
                <Baseline points="3114,1782 4442,1782"/>
                <TextEquiv>
                    <Unicode>Vorholzer wegen Einem Löbl. Statt</Unicode>
                </TextEquiv>
            </TextLine>
            <TextLine id="tl_1750856480" custom="readingOrder {index:10;}">
                <Coords points="3134,1810 4399,1810 4399,1897 3134,1897"/>
                <Baseline points="3134,1873 4399,1873"/>
                <TextEquiv>
                    <Unicode>Rath übergebenen zweyen Chor</Unicode>
                </TextEquiv>
            </TextLine>
            <TextLine id="tl_1750856487" custom="readingOrder {index:11;}">
                <Coords points="4396,1897 4377,1889 4028,1892 3730,1900 3558,1913 3442,1911 3191,1916 3129,1927 3125,1934 3125,1968 3134,1975 3179,1980 3407,1988 4199,1987 4299,1977 4387,1961 4396,1949"/>
                <Baseline points="3125,1961 4396,1961"/>
                <TextEquiv>
                    <Unicode>Freytag predigen deß Herrn P.</Unicode>
                </TextEquiv>
            </TextLine>
            <TextLine id="tl_1750856472" custom="readingOrder {index:12;}">
                <Coords points="3117,1989 4384,1989 4384,2085 3117,2085"/>
                <Baseline points="3117,2061 4384,2061"/>
                <TextEquiv>
                    <Unicode>Reiffenstuell die ihme dargegen</Unicode>
                </TextEquiv>
            </TextLine>
            <TextLine id="tl_1750856478" custom="readingOrder {index:13;}">
                <Coords points="4431,2110 4428,2096 4420,2090 4361,2081 3738,2084 3188,2110 3137,2118 3131,2125 3130,2144 3135,2158 3150,2163 3198,2170 3315,2176 4416,2177 4431,2172"/>
                <Baseline points="3130,2153 4431,2153"/>
                <TextEquiv>
                    <Unicode>angeschaffte Achtzehen Gulden</Unicode>
                </TextEquiv>
            </TextLine>
            <TextLine id="tl_1750856489" custom="readingOrder {index:14;}">
                <Coords points="3123,2182 4413,2182 4413,2279 3123,2279"/>
                <Baseline points="3123,2254 4413,2254"/>
                <TextEquiv>
                    <Unicode>Laut berathschlagten Anbrineng</Unicode>
                </TextEquiv>
            </TextLine>
            <TextLine id="tl_1750856452" custom="readingOrder {index:15;}">
                <Coords points="4964,2313 4955,2299 4913,2287 4880,2270 4806,2261 3297,2294 3137,2306 3128,2310 3124,2361 3130,2375 3152,2380 3427,2398 4141,2399 4662,2391 4849,2383 4951,2372 4964,2361"/>
                <Baseline points="3124,2363 4964,2363"/>
                <TextEquiv>
                    <Unicode>und Quittung Hiebey Idest 18 f - " - "</Unicode>
                </TextEquiv>
            </TextLine>
            <TextLine id="tl_1750856466" custom="readingOrder {index:16;}">
                <Coords points="3071,2521 3073,2582 3087,2589 3143,2595 4120,2594 4405,2578 4430,2573 4436,2559 4433,2494 4370,2483 4278,2479 3857,2482 3656,2498 3621,2496 3503,2473 3444,2466 3165,2462 3124,2468 3086,2491 3074,2503"/>
                <Baseline points="3071,2561 4436,2561"/>
                <TextEquiv>
                    <Unicode>Den 26.ten dito zalte Ich denen PP. Do</Unicode>
                </TextEquiv>
            </TextLine>
            <TextLine id="tl_1750856486" custom="readingOrder {index:17;}">
                <Coords points="4441,2604 4432,2597 4403,2595 4132,2602 3882,2600 3488,2610 3165,2610 3102,2618 3099,2649 3101,2669 3112,2679 3211,2689 3944,2688 4420,2678 4439,2672"/>
                <Baseline points="3099,2664 4441,2664"/>
                <TextEquiv>
                    <Unicode>minicanern die Ihnen zur festi</Unicode>
                </TextEquiv>
            </TextLine>
            <TextLine id="tl_1750856485" custom="readingOrder {index:18;} unclear {offset:22;length:7;}">
                <Coords points="4395,2694 4388,2687 4122,2683 3280,2704 3170,2712 3119,2722 3112,2729 3111,2757 3114,2771 3121,2775 3171,2780 3760,2779 4244,2754 4385,2734 4395,2727"/>
                <Baseline points="3111,2755 4395,2755"/>
                <TextEquiv>
                    <Unicode>uitet deß Heyl. Papst Py 5.ti</Unicode>
                </TextEquiv>
            </TextLine>
            <TextLine id="tl_1750856461" custom="readingOrder {index:19;}">
                <Coords points="4430,2794 4422,2785 4374,2775 4254,2767 3974,2772 3671,2785 3469,2797 3298,2816 3176,2822 3133,2832 3131,2856 3140,2865 3192,2878 3284,2880 3621,2876 3943,2878 4045,2875 4236,2860 4409,2858 4424,2855 4430,2849"/>
                <Baseline points="3131,2851 4430,2851"/>
                <TextEquiv>
                    <Unicode>angeschaffte Funfftzig Gulden</Unicode>
                </TextEquiv>
            </TextLine>
            <TextLine id="tl_1750856484" custom="readingOrder {index:20;}">
                <Coords points="4494,2909 4487,2903 4430,2893 4225,2875 3697,2881 3447,2890 3183,2890 3120,2902 3117,2950 3122,2957 3133,2961 3179,2965 4363,2960 4491,2947"/>
                <Baseline points="3117,2941 4494,2941"/>
                <TextEquiv>
                    <Unicode>Gegen berathschlagten Anbringen</Unicode>
                </TextEquiv>
            </TextLine>
            <TextLine id="tl_1750856473" custom="readingOrder {index:21;}">
                <Coords points="3120,2963 4455,2963 4455,3070 3120,3070"/>
                <Baseline points="3120,3041 4455,3041"/>
                <TextEquiv>
                    <Unicode>und darauf gestelten Quit</Unicode>
                </TextEquiv>
            </TextLine>
            <TextLine id="tl_1750856450" custom="readingOrder {index:22;}">
                <Coords points="4989,3113 4984,3092 4935,3080 4908,3061 4838,3036 4742,3032 4502,3044 4280,3065 3833,3079 3309,3078 3184,3084 3126,3091 3111,3098 3108,3151 3114,3163 3151,3174 3169,3187 3644,3189 3924,3179 4693,3172 4919,3158 4980,3145 4988,3136"/>
                <Baseline points="3108,3149 4989,3149"/>
                <TextEquiv>
                    <Unicode>tung Hiebey Idest 50 f - " - "</Unicode>
                </TextEquiv>
            </TextLine>
            <TextLine id="tl_1750856460" custom="readingOrder {index:23;}">
                <Coords points="3041,3305 3041,3356 3045,3366 3081,3376 3145,3382 3661,3397 4444,3398 4456,3396 4459,3384 4459,3304 4455,3285 4442,3278 4370,3266 4127,3271 3630,3266 3408,3256 3114,3256 3094,3261 3051,3286"/>
                <Baseline points="3041,3361 4459,3361"/>
                <TextEquiv>
                    <Unicode>Den 28.ten dito zalte Ich Herrn Lorenz</Unicode>
                </TextEquiv>
            </TextLine>
            <TextLine id="tl_1750856501" custom="readingOrder {index:24;}">
                <Coords points="4300,3608 4299,3549 4294,3535 4282,3522 4235,3494 4150,3480 3876,3499 3695,3489 3164,3481 3052,3485 3040,3490 3033,3502 3035,3575 3042,3584 3056,3590 3234,3625 3506,3658 3800,3673 3911,3672 4295,3623"/>
                <Baseline points="3033,3624 4300,3624"/>
                <TextEquiv>
                    <Unicode>Latus 118 f - " - "</Unicode>
                </TextEquiv>
            </TextLine>
            <TextEquiv>
                <Unicode></Unicode>
            </TextEquiv>
        </TextRegion>
    </Page>
</PcGts>
