5170 4216
834 705 2093 849 Laut Quittung und Anbringen
823 799 2555 962 Hiebey Idest 50 f - " - "
819 1021 2099 1163 Auf Speiß und tranckh seind
831 1168 2084 1255 zu Verschidenenmahlen Volgen
805 1251 2097 1366 de Vnckhosten aufgangen alß
758 1404 2065 1524 Dem Ferdinand damb Ain
807 1519 2119 1621 und Zwainzig Gulden 7 s. 22 d.
794 1487 2562 1727 Crafft Quittung Hiebey Idest 21 f. 7 s 22 d
751 1800 2103 1939 Herrn Spitlmaistern in Bur
785 1934 2109 2032 ger Spittall Acht Gulden ut
784 1945 2571 2141 Quittung Hiebey Idest 8 f - " - "
728 2201 2058 2327 Einen Koch Vier Gulden Gegen
665 2210 2574 2436 Quittung Hiebey Idest 4 f - " - "
670 2490 2108 2619 Mehr umb Speiß und trankh
725 2619 2093 2728 Zwelff Gulden 2 s. 24 d. Laut
811 2567 2576 2808 anschaffung Idest 12 f  2 s 24 d.
719 2902 2065 3033 Dem Simon Wimmer Neün
781 3024 2077 3134 und Funffzig Gulden Inhalt
755 2994 2577 3223 Quittung Hiebey Idest 59 f - " - "
697 3249 2054 3367 Den Leopold Groppenberger
793 3350 2069 3465 Ain Hundert ain und Sechzig
797 3519 2038 3730 Latus 155 f. 2 s. 16 d.
3082 640 4345 806 Gulden Vermög Quittung
3110 748 4952 909 Hiebey Idest 161 f - " - "
3059 987 4359 1100 Abermahl Laut anschaffung
3069 1051 4976 1211 Dreyzehen Gulden 5 s. 26 d. Idest 13 f. 5 s. 26 d.
3029 1280 4388 1423 Den Gottfrid Hauu Chyrurg
3106 1418 4359 1516 wegen curirung zweyer
3115 1506 4383 1620 Maurer so bey herein Führung
3103 1610 4399 1716 der Glockhen gequetscht worden
3082 1707 4370 1822 Fünff und Zweinzig Gulden
3114 1812 4325 1907 Laut zweyer Quittungen
3112 1867 4951 2008 Hiebey Idest 25 f - " - "
3057 2095 4388 2232 Anbey wirdt auch allegirt die
3126 2238 4338 2348 durch dem Wohl Ehrwürdtigen
3115 2318 4365 2438 Herrn P. Ignatius Reiffen
3087 2428 4353 2528 stuel Societatis IESV und
3092 2529 4358 2621 derzeit ordinari dem Pre
3087 2613 4353 2719 digern bey St. Stephan alß
3104 2725 4343 2826 die alda den 15.ten Decembris
3113 2829 4347 2916 1711 gestandtene grosse
3102 2915 4365 3017 Glockhen geweyhet wordten
3106 3007 4376 3099 Lobwürdig außgeführte Pre
3106 3101 4366 3219 dig Von der Glockhen weyhe se
3063 3291 4402 3564 Latus 199 f. 5 s 26 d.
