4777 3809
2671 197 4025 786 Empfanng
2856 707 4051 977 Entlehnet gelt Auf der
3065 934 3880 1163 Stat notturfft
2914 1344 4016 1489 Erstlichen Den Ersten Tag Ianuarii Anno etc.
2918 1481 4032 1596 Zway vnndneüntzig Erlegten Hanns Enngl
2944 1594 3982 1708 Füederer vnnd Vlrich Schlitt bede Burger
2938 1691 4016 1830 alhie Als weillenndt Michaeln Steer
2946 1810 4045 1962 Auch mitburgers vnnd Vnnder kheüffel auf
2952 1944 3993 2074 dem Oxengrieß alhie seeligen hinder
2960 2046 4041 2193 laßner Khinder verornndte gerhaben Aus
2940 2172 3994 2319 Ierer gerhabschafft gegen fünf Per Cennto
2945 2296 4004 2430 Sechshundert gulden die sollen gedachten
2942 2408 4037 2550 Ieren Pflegkhindern Zw Ieren geuogten Iaren
2951 2521 4042 2671 Auf gemainer Stat einkhummen vnd geföllen
2979 2654 3682 2789 widerumben betzalt werden
3745 2620 4555 2872 Idest f. 600 s - d -
2709 2832 3477 3188 Latus per see.
