4908 3778
838 516 1889 674 seeligen hinderlaßne Wittib vmb die
872 671 1882 801 Zwaintzig Tausennt Ziegl so sie nach
857 795 1877 934 beschehner Commissions hanndlung Zw
860 920 1903 1065 gemainer Stat Lifern sollen vnnd der
857 1055 1876 1202 Zeit damit nit aufkhumen khünnen
864 1195 1861 1338 füer Iedes Taußennt Zwen gulden sechs
861 1353 1848 1491 Schillinng Bringt in gelt Fünf vnnd
882 1484 1526 1627 Funftzig gulden Reinisch
1540 1570 2418 1751 Idest f. 55. s. d.
840 1940 1904 2089 Den Anndern Maii Stell Ich in Empfang
857 2088 1847 2229 die Drey Väßl Wein so der Edl vnnd
856 2206 1913 2358 vesst herr Bärtlmee Pranndtner Bur
865 2350 1881 2479 germaister Weil dieselben wider ge
869 2467 1909 2615 mainer Stat freyhaiten Inn den Purckh
860 2615 1872 2742 fridt gefüert worden nemen vnnd in
855 2751 1833 2917 das Zeüghauß einlegen lassen mir
630 2927 1363 3305 Latus per see.
3047 422 4143 576 aber vnwissent von wem die herkhumen
3023 569 4155 723 oder Zuegehörig gewest halten vt visier
3317 713 3649 838 Zetl hiebey
3064 916 3838 994 1. 10.
3046 1072 4134 1197 2. Zelt 10  Emer
3014 1206 3842 1351 3.  15.
3123 1458 3859 1628 Summa 35 Emer wein
2992 1779 4147 1959 Den Sechs vnnd Zwaintzigisten October Stell
3024 1938 4154 2096 Ich in Empfanng die Ainhundert Funfvnd
3044 2062 4147 2218 Sibentzig gulden Reinisch darumben Ain Ed
3063 2197 4161 2354 ler hochweiser Statrath dreitzehen Bur
3040 2328 4146 2492 gerliche Leinbat hanndler wegen das sie Ain
3050 2467 4220 2626 vngewänndlicher Niderlag aufgericht gestrafft
3077 2604 3688 2771 vermüg decret hiebey
3779 2616 4747 2826 Idest f. 175 s. d.
2803 2824 3696 3184 Latus per see.
