4854 3751
663 471 1738 621 Den Lesten december Empfienng Ich
723 618 1791 770 vom herrn Geörgen Päbel des Aussern
713 756 1807 904 Raths vnnd Presidennt Auf gemainer
705 889 1796 1045 Stat Rait vnnd Puppillen Cammer so
712 1056 1780 1184 daselbsthin Als Cammer Tax erlegt
720 1190 1796 1339 worden benenntlichen dreihunndert
722 1339 1172 1465 gulden Reinisch
1478 1406 2377 1566 Idest f. 300. s - d -
643 1634 1736 1786 Folio 61 hernach stehet ain
683 1774 1706 1873 Resst Per 55 f. die Zigin
750 1850 1635 1979 bedreffend gehört hierher
482 2318 1540 2791 Latus per se.
3000 1385 4133 1714 Summa Emphang des A oder
3134 1689 4148 1807 der Ambtleüth Raittungsrest
3480 1926 4289 2089 2665. f. 5 s. 28 d
