5368 3640
753 431 2125 587 nota Auff Erharten Flotzer von ainem Flekh Zwischen
878 579 2096 684 seins flotzhofs vnnd des grabns de Anno
896 629 2534 787 lxxvi i γ d
751 739 2092 858 nota Auff Thoman pawman In vnnd Anno
872 849 2078 951 krewsserin am Holznmarkht de Anno
882 900 2548 1012 Lxxvi Lxx d
738 982 2019 1122 nota Auff der Biberlin ainer Krewsserin am
870 1109 2566 1245 holznmarkht de Anno Lxxvi xxx d
750 1216 1984 1343 nota Auff hannsen Agnen In auch ainer
866 1331 2608 1464 Krewsserin daselbs de Anno Lxxvi Lx d
756 1450 1985 1568 nota Auff pauln von Medling von ainem
898 1555 1949 1679 Fleischpannckh am grabnn de Anno
899 1629 2615 1704 Lxxx iii s x d
764 1709 1976 1837 nota Auff Biligen von Grintzing von ain
891 1816 1984 1914 fleischpannckh daselbs de Anno Lxxv
916 1897 1891 2004 iiiii s Lxxvi v s vnnd Lxxviii
919 1894 2652 2055 iiii s ꞩ i γ v s d
742 2082 1919 2209 nota Auff veittn Polhakh von Enntzestorff
779 2198 1839 2300 nota Auff hainreichn von Eberstorff
776 2283 1810 2382 nota Auff Anndren von Medling
783 2367 1789 2489 nota Auff Mathessen von der Vackhen
790 2490 1910 2596 nota Auff Michln von Trautmansdorff
788 2576 1808 2679 nota Auff Linharten von Swechen
742 2656 1661 2797 nota Auff den Holtzl von Alß
1133 2874 1900 3083 Latus vii γ L d
3296 429 4034 595 nota Auff Iorgn von Alss
3306 574 4230 674 nota Auff Mathessn von Wernig
3307 668 4326 789 nota Auff Benedicten von penntzing
3293 755 4417 875 nota Auff Mathessn pächl von hindperg
3318 898 4191 1016 nota Auff pettner von dornnpach
3316 987 4588 1108 nota Auff Wolffganng polhakh von Entzestorff
3329 1103 4343 1197 nota Auff wolffgangen von pentzingen
3301 1184 4252 1270 nota Auff Niderl von Swerha  t
3295 1264 4251 1374 nota Auff am Kol e von Nusdorff
3302 1404 4218 1504 nota Auff Michl von Eberstorff
3309 1497 4245 1590 nota Auff Iorgn Auff der lawben
3316 1586 4445 1685 nota Auff Hannsen Snabl von g intzing
3291 1672 4205 1777 nota Auff Hannsen Von Tobling
3296 1766 4328 1865 nota Auff hainreichen von Swabdorff
3289 1857 4308 1956 nota Auff Thoman von Sannd Veitt
3280 1949 4350 2056 nota Auff Sigmunden von Siffring
3312 2043 4396 2160 nota Auff larenntzen von von Gre tzing
3296 2213 4497 2336 nota Auff C  tzen von Snabdorff von ain
3443 2308 5115 2481 stekh daselbs de Anno Lxxvi i γ d
3586 2661 4320 2921 Latus xiii γ iiii s d
