<?xml version="1.0" encoding="UTF-8" standalone="yes"?>
<PcGts xmlns="http://schema.primaresearch.org/PAGE/gts/pagecontent/2013-07-15">
    <Metadata>
        <Creator>prov=READ-COOP:name=PyLaia@TranskribusPlatform:version=2.32.1:model_id=406997:lm=provided:date=01_10_2025_19:56</Creator>
        <Created>2025-09-11T12:09:58.194+02:00</Created>
        <LastChange>2025-10-24T11:37:57.943+02:00</LastChange>
        <TranskribusMetadata docId="10582682" pageId="102837548" pageNr="120" status="GT" userId="261754" imgUrl="https://files.transkribus.eu/Get?id=QZIEXAYRWWBYNJRCNXVDKQTB&amp;fileType=view" imageId="86216627"/>
    </Metadata>
    <Page imageFilename="102837548.tif" imageWidth="5315" imageHeight="3646">
        <TextRegion id="region_153153646" custom="readingOrder {index:0;}">
            <Coords points="0,0 2657,0 2657,3646 0,3646"/>
            <TextEquiv>
                <Unicode></Unicode>
            </TextEquiv>
        </TextRegion>
        <TextRegion id="region_253153646" custom="readingOrder {index:1;}">
            <Coords points="2658,0 5315,0 5315,3646 2658,3646"/>
            <TextLine id="line_1759336158900_3742" custom="readingOrder {index:0;}">
                <Coords points="3146,189 3166,188 3196,179 3264,173 3418,174 3487,212 3515,263 3549,293 3574,341 3636,377 3706,392 3830,389 3948,363 4014,363 4267,435 4298,451 4406,487 4575,498 4641,520 4647,549 4644,633 4627,655 4553,678 4189,683 3794,697 3408,694 3343,686 3300,673 3234,629 3148,594 3146,592"/>
                <Baseline points="3146,566 4647,566"/>
                <TextEquiv>
                    <Unicode>Vermerkt waz die Stat vor</Unicode>
                </TextEquiv>
            </TextLine>
            <TextLine id="tl_1758705985" custom="readingOrder {index:1;}">
                <Coords points="3397,679 3418,673 3577,669 3594,682 3593,719 3577,754 3418,758 3397,754"/>
                <Baseline points="3397,732 3577,732"/>
                <TextEquiv>
                    <Unicode>Ir hat</Unicode>
                </TextEquiv>
            </TextLine>
            <TextLine id="line_1759336164366_3751" custom="readingOrder {index:2;}">
                <Coords points="3318,766 3361,766 3407,768 3465,777 3521,795 3572,806 3716,804 3790,807 3848,803 3940,784 4035,775 4091,775 4137,782 4154,792 4178,797 4202,809 4299,821 4345,831 4355,840 4356,877 4353,885 4344,890 4305,893 4167,892 4020,885 3913,886 3836,894 3783,894 3668,886 3539,891 3318,890"/>
                <Baseline points="3318,862 4356,862"/>
                <TextEquiv>
                    <Unicode>nota Von ersstenn all vorgeschribnn Remanenntz</Unicode>
                </TextEquiv>
            </TextLine>
            <TextLine id="line_1759336166392_3757" custom="readingOrder {index:3;} unclear {offset:34;length:4;}">
                <Coords points="3315,894 3330,894 3386,890 3574,894 3683,890 3776,900 3863,889 4010,885 4088,888 4131,895 4162,910 4171,926 4172,967 4165,979 4135,986 4034,986 3966,981 3833,980 3696,973 3545,976 3386,970 3315,969"/>
                <Baseline points="3315,960 4172,960"/>
                <TextEquiv>
                    <Unicode>nota ain Silbreine Schall Hat der Hawg</Unicode>
                </TextEquiv>
            </TextLine>
            <TextLine id="line_1759336167408_3763" custom="readingOrder {index:4;}">
                <Coords points="3317,975 4066,978 4104,975 4192,955 4411,948 4477,949 4490,954 4494,964 4494,1058 4488,1066 4467,1070 4232,1073 3921,1068 3747,1076 3317,1082"/>
                <Baseline points="3317,1047 4494,1047"/>
                <TextEquiv>
                    <Unicode>nota ain Silbrein vergulttnn pecher die von Linharttenn</Unicode>
                </TextEquiv>
            </TextLine>
            <TextLine id="tl_1758705972" custom="readingOrder {index:5;}">
                <Coords points="3382,1066 4283,1066 4283,1167 3382,1167"/>
                <Baseline points="3382,1141 4283,1141"/>
                <TextEquiv>
                    <Unicode>Hoffgeber herkomenn hat der Hawg</Unicode>
                </TextEquiv>
            </TextLine>
            <TextLine id="line_1759336168557_3770" custom="readingOrder {index:6;}">
                <Coords points="3319,1145 3913,1145 3913,1265 3319,1265"/>
                <Baseline points="3319,1235 3913,1235"/>
                <TextEquiv>
                    <Unicode>nota v gross Silberpecher</Unicode>
                </TextEquiv>
            </TextLine>
            <TextLine id="line_1759336169429_3776" custom="readingOrder {index:7;}">
                <Coords points="3333,1271 3484,1275 3806,1255 3878,1246 3984,1241 4030,1234 4331,1220 4429,1224 4458,1233 4483,1252 4497,1288 4497,1345 4494,1351 4476,1361 4439,1365 4140,1368 3814,1354 3532,1357 3333,1353"/>
                <Baseline points="3333,1331 4497,1331"/>
                <TextEquiv>
                    <Unicode>nota ainenn grossenn Silbrenn pecher der Seifridnn</Unicode>
                </TextEquiv>
            </TextLine>
            <TextLine id="tl_1758705978" custom="readingOrder {index:8;}">
                <Coords points="4092,1367 4087,1355 4084,1353 4061,1350 3473,1351 3439,1355 3416,1364 3398,1383 3395,1393 3405,1418 3412,1423 3449,1435 3471,1439 3542,1439 3579,1436 3640,1443 3709,1444 3748,1441 3802,1430 3831,1430 3856,1440 3878,1444 3933,1444 3975,1438 4034,1441 4081,1433 4087,1427 4090,1420 4092,1402"/>
                <Baseline points="3395,1419 4092,1419"/>
                <TextEquiv>
                    <Unicode>erstner versetzt gewesenn ist</Unicode>
                </TextEquiv>
            </TextLine>
            <TextLine id="line_1759336170589_3783" custom="readingOrder {index:9;}">
                <Coords points="3318,1428 3390,1442 3517,1442 3598,1449 3642,1448 3747,1431 3785,1431 3888,1446 3928,1445 4014,1453 4140,1450 4174,1454 4185,1460 4191,1467 4192,1502 4187,1510 4179,1513 4141,1519 3934,1522 3803,1534 3702,1534 3650,1528 3552,1527 3426,1532 3344,1531 3318,1529"/>
                <Baseline points="3318,1506 4192,1506"/>
                <TextEquiv>
                    <Unicode>nota xx Silbrein loffl in ain votrain</Unicode>
                </TextEquiv>
            </TextLine>
            <TextLine id="line_1759336171654_3789" custom="readingOrder {index:10;} unclear {offset:28;length:6;}">
                <Coords points="3349,1537 3399,1540 3443,1536 3590,1538 3666,1528 3728,1527 3791,1536 3836,1538 3906,1528 3956,1528 4056,1540 4067,1544 4075,1555 4076,1595 4071,1634 4035,1656 4003,1662 3934,1664 3883,1658 3847,1657 3795,1666 3747,1667 3647,1658 3487,1657 3401,1652 3349,1654"/>
                <Baseline points="3349,1632 4076,1632"/>
                <TextEquiv>
                    <Unicode>nota ain Silbreins vergults Kopphl</Unicode>
                </TextEquiv>
            </TextLine>
            <TextLine id="line_1759336172500_3795" custom="readingOrder {index:11;}">
                <Coords points="3340,1665 3372,1662 3434,1661 3652,1676 3936,1676 4169,1663 4256,1637 4314,1631 4355,1636 4384,1646 4455,1660 4494,1673 4502,1686 4502,1747 4495,1755 4427,1776 4356,1786 4243,1786 4131,1776 4005,1771 3477,1763 3340,1765"/>
                <Baseline points="3340,1745 4502,1745"/>
                <TextEquiv>
                    <Unicode>nota Zwen Silbrein schiltt mit der Stat wappen habn</Unicode>
                </TextEquiv>
            </TextLine>
            <TextLine id="tl_1758705984" custom="readingOrder {index:12;}">
                <Coords points="3378,1756 3915,1756 3915,1832 3378,1832"/>
                <Baseline points="3378,1813 3915,1813"/>
                <TextEquiv>
                    <Unicode>die trumetter Innen</Unicode>
                </TextEquiv>
            </TextLine>
            <TextLine id="line_1759336173836_3802" custom="readingOrder {index:13;}">
                <Coords points="3338,1836 3420,1841 3582,1835 3680,1840 3952,1822 4426,1810 4489,1819 4530,1833 4538,1846 4539,1911 4535,1933 4477,1949 4405,1954 4143,1955 3960,1951 3900,1946 3677,1947 3595,1941 3391,1944 3338,1940"/>
                <Baseline points="3338,1918 4539,1918"/>
                <TextEquiv>
                    <Unicode>nota vii groß Zinschussl iiii Klaine krennschussl vnd</Unicode>
                </TextEquiv>
            </TextLine>
            <TextLine id="tl_1758705979" custom="readingOrder {index:14;}">
                <Coords points="3390,2003 3395,2009 3435,2020 3456,2022 3726,2022 3847,2013 3893,2012 3932,2008 3951,2001 3957,1995 3959,1989 3960,1954 3958,1948 3953,1943 3937,1938 3584,1937 3552,1939 3461,1955 3417,1960 3393,1967 3390,1971"/>
                <Baseline points="3390,2000 3960,2000"/>
                <TextEquiv>
                    <Unicode>xxviii Zynneine telir</Unicode>
                </TextEquiv>
            </TextLine>
            <TextLine id="line_1759336175013_3809" custom="readingOrder {index:15;}">
                <Coords points="3326,2017 3457,2036 3628,2020 3814,2012 4488,2019 4524,2022 4545,2032 4547,2117 4534,2128 4505,2133 4384,2141 4237,2158 4103,2157 4003,2142 3930,2138 3501,2132 3326,2125"/>
                <Baseline points="3326,2120 4547,2120"/>
                <TextEquiv>
                    <Unicode>nota ain grosse vnnd ain klaine Zinenmflaschen die der Ho</Unicode>
                </TextEquiv>
            </TextLine>
            <TextLine id="tl_1758705971" custom="readingOrder {index:16;} unclear {offset:0;length:8;}">
                <Coords points="3394,2122 3831,2122 3831,2205 3394,2205"/>
                <Baseline points="3394,2182 3831,2182"/>
                <TextEquiv>
                    <Unicode>lobenner Innhat</Unicode>
                </TextEquiv>
            </TextLine>
            <TextLine id="line_1759336176809_3816" custom="readingOrder {index:17;} unclear {offset:4;length:6;}">
                <Coords points="3314,2207 3340,2208 3466,2217 3499,2217 3537,2213 3607,2199 3677,2199 3760,2211 3814,2214 3894,2232 3951,2238 3983,2248 3988,2251 3991,2260 3991,2289 3989,2298 3984,2302 3952,2315 3869,2323 3780,2325 3712,2321 3638,2321 3569,2327 3426,2328 3367,2318 3314,2314"/>
                <Baseline points="3314,2295 3991,2295"/>
                <TextEquiv>
                    <Unicode>nota   ii groß Zineinflaschn</Unicode>
                </TextEquiv>
            </TextLine>
            <TextLine id="line_1759336179290_3822" custom="readingOrder {index:18;}">
                <Coords points="3341,2334 3369,2336 3457,2345 3518,2345 3763,2329 3976,2325 4145,2339 4332,2343 4381,2354 4395,2363 4397,2370 4397,2417 4389,2427 4333,2436 4205,2444 4100,2445 3961,2437 3885,2448 3800,2454 3484,2454 3418,2450 3341,2440"/>
                <Baseline points="3341,2421 4397,2421"/>
                <TextEquiv>
                    <Unicode>nota ain grosse plech flaschn Zu xviii echterin</Unicode>
                </TextEquiv>
            </TextLine>
            <TextLine id="line_1759336180181_3828" custom="readingOrder {index:19;}">
                <Coords points="3341,2461 3442,2463 3536,2456 3744,2460 4176,2453 4211,2455 4235,2460 4246,2469 4249,2483 4249,2549 4243,2561 4192,2580 4081,2591 4006,2592 3911,2581 3817,2579 3722,2584 3627,2606 3562,2606 3400,2598 3341,2592"/>
                <Baseline points="3341,2567 4249,2567"/>
                <TextEquiv>
                    <Unicode>nota iiii groß Zynnein Schennkhkandel</Unicode>
                </TextEquiv>
            </TextLine>
            <TextEquiv>
                <Unicode></Unicode>
            </TextEquiv>
        </TextRegion>
    </Page>
</PcGts>
