5349 3658
726 453 1897 600 nota Auff Hannsen auff dem Michlpach
747 574 1622 666 nota auff Cristan von Sant Veit
743 659 1657 748 nota auff anndre von Etzkestorff
737 732 1861 832 nota auff Colman von Closternewnburg
752 817 1870 916 nota Auff vlrichen von gach Enntzestorff
750 890 1975 982 nota Auff dem Krottndorff von Klosternewnburg
768 973 1979 1095 nota auff Steffann Marithhofer von Entzestorf
756 1042 1606 1136 nota auff pettern von Alppeltaw
741 1122 1758 1215 nota auff Cristoffen von Stemestorff
709 1204 1962 1302 nota auff Merten Ke gt n von Bottesprunn
735 1283 1802 1360 nota auff larenntzen von Orenpach
741 1358 1678 1449 nota auff Schekhl von Entzesdorff
747 1438 1459 1519 nota auff veitn von Alß
733 1505 1680 1600 nota auff Tenkhl von Nusdorff
725 1594 1828 1699 nota Auff Hannsen von Grintzing
725 1749 1886 1875 nota Auff Steffann Tragerin von ainer
814 1864 1876 1951 Tanelkram an der pranntstat De
845 1946 1874 2033 Annis Lxxvii Lx vnnd Lxxviii
865 2012 2621 2136 iii s x ꞩ v s x d
737 2135 1980 2247 nota Auff Hannsen pintter von ainer Tanel
855 2238 2560 2378 kram daselbs de Anno lxxvii Lx d
703 2358 1933 2477 nota Auff Hannsen flachs von ainem
835 2465 1972 2548 Hewflin an der pranntstat de Annis
857 2519 2598 2668 Lxxvii iiii s vnnd Lxxviii iii γ ꞩ iii γ iiii s d
723 2634 1976 2752 nota Auff Cristoffn Steurer von ainer Kramen
846 2742 1971 2835 am Hof de Annis Lxxvii x vnnd
846 2786 2633 2942 Lxxviii iiii s ꞩ iiii s x d
1111 3018 1902 3239 Latus xii γ iii s xx d
3271 423 4504 592 nota auff Hannsen Kramer Zu des Anndre von
3397 579 5159 715 Meran Haws de Annis de anno Lxxvii i γ d
3258 684 4486 835 nota Auff dem Flaschnsmid Vnndter Stubentor
3402 817 4508 905 von der Kram daselbs de Annis Lxxvii
3406 866 5142 1043 xxx vnnd Lxxviii i γ iiii s ꞩ i γ v s d
3276 979 4491 1085 nota auff Hannsen pheprunner von ainem
3423 1073 4452 1186 haws auff der Allsserstras de Anno
3429 1151 5163 1317 Lxxvii xxii d
3254 1230 4535 1357 nota Auff Iorgenn TannInger von ainer hof
3417 1343 4518 1439 statt daselbs de Annis Lxxvii vnnd Lxxviii
3437 1421 5203 1524 yedes Iars xii d i ob. ꞩ xxv d
3254 1505 4560 1643 nota Auff Bilign pawm von ainer Mul Im werd
3430 1623 4467 1711 de Annis Lxxvii vnnd Lxxviii yedes
3428 1691 5098 1827 Iars Lx ꞩ iiii s d
3288 1754 4451 1903 nota Auff Iorgn Zeller Ambtman Im Nidern
3424 1885 4475 1968 werd gegn dem Rottnturn vber ainen
3425 1957 5121 2124 Iar dinst de Anno Lxxvii x γ d
3273 2065 4594 2220 nota Auff dem selbnn Zoller von ainer hewhuttn
3447 2186 5156 2316 de Anno Lxxvii i γ Lxxx d
3272 2278 4502 2396 nota Auff Iorgn Ladner auch von ainer hew
3447 2370 5159 2499 hutten de Anno Lxxvii ii γ d
3255 2469 4505 2601 nota Auff dem praittersii von ainer Schabstatt
3460 2576 5159 2685 de Anno Lxxvii xx d
3264 2631 4595 2774 nota Auff Wolffganngen Tawbnvischer von ainer
3401 2758 5154 2864 ganntzen Schabstatt de Anno Lxxvii Lx d
3280 2844 4564 2953 nota auf Casparnn Vnnslittprenner vom vnnslitthaus
3429 2939 4531 3031 de Anno Lxxvii vnnd Lxxviii yedes Iars vi γ
3440 2988 5165 3126 v s x ꞩ xiii γ Lxxx d
3656 3161 4490 3358 Latus xxx γ Lxxxvii d
