5350 3663
1035 1325 1979 1552 Suma Sumarum alles vbergebens der vor
1090 1534 1921 1645 geschribenn Remanenntz ꞩ i M iiii C
1115 1599 1605 1698 xxxiiii γ xxvi d
3330 888 4465 1044 Suma Sumarum alles ausgebenn des beraitenn gelts
3334 1036 4448 1168 daz Iar ꞩ xiii M vi C xxvi γ vi s xviii d i ob
3337 1353 4511 1502 Suma Sumarum alles ausgebenn des beraitenn gelts
3363 1487 4486 1567 mitsambt dem Vbergebenn aller vorgeschribenn Re
3363 1537 4608 1674 manentz ꞩ xiii M vi C Lx γ vii s xiiii d i ob
3305 1852 4509 2059 Suma Sumarum alles Innemens des beraitenn gelts
3347 2053 4534 2136 mitsambt allem Innemen der vorgeschribnn Remanentz
3366 2115 4532 2214 ꞩ xiii M Lxxiiii γ xliiii d
3325 2404 4458 2541 Vnnd wann man Innemen vnnd ausgebenn gegenn
3353 2528 4449 2591 einannder legt vnnd aushebt So ist i M man
3349 2587 4487 2675 den Kamrern an der Raittung H e s schuldig
3375 2650 4307 2744 i M. v C. Lxxvi γ vi s d i ob.
