5348 3673
738 431 2155 597 nota Auff Oswalten Zwickhndorffer von ainer halben
834 577 2597 669 Schawbstatt de Anno lxxvii xxx d
687 665 2117 837 nota Auff linharten heindl von ainer halben Schobstat
849 801 2611 887 de Anno lxxvii xxx d
690 877 2057 1023 nota Auff Michln prawnseysn von ainer halben
828 998 2611 1107 Schawbstatt de Anno Lxxvii xxx d
691 1089 1949 1221 nota Auff wolffganngn Sprisinger von ainer
836 1202 2620 1310 halben Schawbstatt de Anno Lxxvii xxx d
689 1300 1924 1419 nota Auff Iacobenn S  etk nagen von ainer
846 1408 2610 1512 halbenn Schawbstatt de Anno Lxxvii xxx d
679 1506 1938 1619 nota Auff Thoman wiser von ainer halbenn
833 1603 2607 1707 Schawbstatt de Anno Lxxvii xxx d
678 1702 1984 1831 nota Auff der Vischer Zech von ainer gantzen
834 1802 2574 1898 Schawbstatt de Anno Lxxvii Lx d
694 1907 1932 2031 nota Auff dem Prawnnseysn von seinem
831 2005 2609 2095 Stadl de Anno Lxxvii Lx d
715 2101 1966 2225 nota Auff Mathessen Scheller von aim Hewslin
798 2213 2614 2325 vnnd Fleckhn dapey de Anno Lxxvii i γ d
716 2298 1889 2450 nota Auff Hannsen Swab Kramer von
816 2426 1912 2524 ainer Kram am hofer pey den weissen
841 2496 2629 2605 pr   ner de Anno Lxxviii i γ d
694 2603 2105 2722 nota Auff fridrichen Amperger von aim Hewslin
824 2676 2639 2811 auffm ge i e s de Anno Lxxviii i γ d
1049 2917 1854 3128 Latus iiii γ Lx d
3259 490 4409 655 nota Auff Hannsen Hofman Nestlbeflaher von
3350 641 4386 733 ainem Hewslein vnnder der Schrann
3376 713 5056 846 de Anno lxxviii i γ xxx d
3217 818 4397 939 nota Auff Hannsen Mayr von ainer garten
3321 911 5061 1056 Im werd de Anno Lxxviii i γ d
3223 1097 3803 1224 nota Auff der Rosthin
3243 1209 3940 1306 nota Auff der Irennfeidin
3251 1303 3867 1403 nota Auff fatzen köchin
3257 1394 3945 1484 nota Auff hanns güttin
3238 1475 3962 1574 nota Auff Hanns   g e r
4033 1180 4910 1354 yeder ainer Krewsserin de Anno
4059 1336 4926 1470 Lxxvii Lxx ꞩ i γ Lx d
3736 1659 4445 1861 Latus iii γ iii s d
