<?xml version="1.0" encoding="UTF-8" standalone="yes"?>
<PcGts xmlns="http://schema.primaresearch.org/PAGE/gts/pagecontent/2013-07-15" xmlns:xsi="http://www.w3.org/2001/XMLSchema-instance" xsi:schemaLocation="http://schema.primaresearch.org/PAGE/gts/pagecontent/2013-07-15 http://schema.primaresearch.org/PAGE/gts/pagecontent/2013-07-15/pagecontent.xsd">
    <Metadata>
        <Creator>prov=READ-COOP:name=PyLaia@TranskribusPlatform:version=2.27.0:model_id=344665:lm=provided:date=02_06_2025_11:33</Creator>
        <Created>2025-05-27T15:02:43.770+02:00</Created>
        <LastChange>2025-06-04T14:04:03.797+02:00</LastChange>
        <TranskribusMetadata docId="8715728" pageId="97835508" pageNr="111" tsid="246298004" status="IN_PROGRESS" userId="261754" imgUrl="https://files.transkribus.eu/Get?id=NGBDARQQPQPEGNUHHASUJIQC&amp;fileType=view" xmlUrl="https://files.transkribus.eu/Get?id=WJPXFLMEWINYXJCLTEGORMQI" imageId="82034358"/>
    </Metadata>
    <Page imageFilename="97835508.tif" imageWidth="4956" imageHeight="4003">
        <ReadingOrder>
            <OrderedGroup id="ro_1749038643798" caption="Regions reading order">
                <RegionRefIndexed index="0" regionRef="region_149564003"/>
                <RegionRefIndexed index="1" regionRef="region_249564003"/>
            </OrderedGroup>
        </ReadingOrder>
        <TextRegion id="region_149564003" custom="readingOrder {index:0;}">
            <Coords points="0,0 2478,0 2478,4003 0,4003"/>
            <TextLine id="tl_1748854795" custom="readingOrder {index:0;}">
                <Coords points="712,471 715,539 730,546 763,550 928,548 1066,557 1218,550 1323,561 1607,555 1834,561 1920,555 1931,551 1936,543 1936,463 1931,454 1825,449 1685,437 1569,441 1480,438 1421,427 1399,417 1371,412 1357,402 1302,393 1249,396 1143,419 1088,422 1034,420 872,399 816,402 762,418 748,443 717,454"/>
                <Baseline points="712,519 1936,519"/>
                <TextEquiv>
                    <Unicode>Herrn Vlrichen Kherttenkholch seel. in</Unicode>
                </TextEquiv>
            </TextLine>
            <TextLine id="tl_1748854800" custom="readingOrder {index:1;}">
                <Coords points="728,640 736,649 791,662 1023,671 1157,664 1276,671 1357,683 1519,676 1596,688 1691,689 1843,684 1889,679 1941,666 1945,641 1944,592 1935,586 1825,580 1713,565 1466,565 1283,574 1045,566 975,560 816,560 737,571 729,578"/>
                <Baseline points="728,656 1945,656"/>
                <TextEquiv>
                    <Unicode>abschlag gelaisten Zahlung Zu völliger</Unicode>
                </TextEquiv>
            </TextLine>
            <TextLine id="tl_1748854805" custom="readingOrder {index:2;}">
                <Coords points="721,757 726,767 774,781 951,792 1019,792 1096,786 1213,786 1306,792 1451,793 1620,811 1897,810 1945,800 1954,791 1954,712 1951,704 1934,698 1667,704 1499,690 1342,691 1141,684 786,684 731,696 724,703"/>
                <Baseline points="721,777 1954,777"/>
                <TextEquiv>
                    <Unicode>abstottung der auf den 1634. Iahr</Unicode>
                </TextEquiv>
            </TextLine>
            <TextLine id="tl_1748854788" custom="readingOrder {index:3;}">
                <Coords points="703,824 707,904 716,911 767,923 906,924 1034,917 1106,921 1192,933 1279,932 1347,923 1641,933 1879,918 1892,915 1895,905 1894,854 1884,848 1661,850 1571,837 1503,816 1447,809 1273,810 1156,797 765,796 714,803 706,809"/>
                <Baseline points="703,898 1895,898"/>
                <TextEquiv>
                    <Unicode>Zu Gem. Statt Wienn Quota</Unicode>
                </TextEquiv>
            </TextLine>
            <TextLine id="tl_1748854818" custom="readingOrder {index:4;} unclear {offset:14; length:5;} unclear {offset:24; length:7;}">
                <Coords points="754,982 754,1015 762,1025 849,1043 940,1049 1121,1051 1226,1045 1332,1053 1648,1047 1758,1054 1859,1054 1907,1051 1957,1039 1964,1033 1966,963 1962,953 1914,942 1865,939 1575,943 1339,936 1285,940 1202,962 1037,953 909,968 783,971 760,975"/>
                <Baseline points="754,1023 1966,1023"/>
                <TextEquiv>
                    <Unicode>angeschlagnen Rüst oder aufgath</Unicode>
                </TextEquiv>
            </TextLine>
            <TextLine id="tl_1748854809" custom="readingOrder {index:5;}">
                <Coords points="1904,1079 1898,1071 1885,1067 1650,1057 1550,1059 1393,1072 1208,1069 1069,1081 933,1071 843,1071 788,1079 773,1090 745,1098 740,1108 740,1142 745,1150 761,1154 999,1165 1094,1177 1212,1185 1504,1188 1890,1181 1903,1173"/>
                <Baseline points="740,1153 1904,1153"/>
                <TextEquiv>
                    <Unicode>gelts noch 4213 f. 1. s. 15 d.</Unicode>
                </TextEquiv>
            </TextLine>
            <TextLine id="tl_1748854783" custom="readingOrder {index:6;} unclear {offset:5; length:3;}">
                <Coords points="696,1204 697,1275 704,1281 749,1288 972,1289 1088,1294 1252,1292 1458,1305 1704,1305 1928,1286 1932,1279 1932,1230 1928,1220 1881,1206 1810,1196 1468,1193 1158,1206 1033,1193 758,1180 706,1189 699,1194"/>
                <Baseline points="696,1273 1932,1273"/>
                <TextEquiv>
                    <Unicode>Item den absonderlichen Extra</Unicode>
                </TextEquiv>
            </TextLine>
            <TextLine id="tl_1748854784" custom="readingOrder {index:7;}">
                <Coords points="726,1319 727,1409 739,1416 791,1424 1075,1425 1144,1434 1287,1434 1353,1426 1497,1434 1657,1434 1874,1414 1879,1409 1879,1328 1876,1323 1864,1319 1814,1319 1693,1336 1633,1339 1432,1331 1323,1321 1192,1321 1113,1315 789,1304 731,1310"/>
                <Baseline points="726,1400 1879,1400"/>
                <TextEquiv>
                    <Unicode>ordinari 24ten anschlag auf be</Unicode>
                </TextEquiv>
            </TextLine>
            <TextLine id="tl_1748854806" custom="readingOrder {index:8;}">
                <Coords points="1926,1446 1924,1438 1911,1434 1855,1433 1589,1449 1531,1449 1439,1438 1357,1436 1276,1441 1196,1452 1064,1451 776,1476 760,1484 759,1526 761,1531 775,1536 943,1546 1052,1547 1247,1539 1441,1550 1827,1549 1875,1540 1892,1528 1918,1522 1924,1517"/>
                <Baseline points="759,1520 1926,1520"/>
                <TextEquiv>
                    <Unicode>rüertes Iahr völlig 2900 f.</Unicode>
                </TextEquiv>
            </TextLine>
            <TextLine id="tl_1748854804" custom="readingOrder {index:9;}">
                <Coords points="726,1578 726,1668 730,1678 746,1683 1207,1679 1280,1674 1842,1683 1920,1679 2001,1669 2017,1663 2018,1654 2017,1582 2012,1577 1958,1565 1905,1559 1531,1563 1262,1552 1037,1563 791,1559 733,1566"/>
                <Baseline points="726,1648 2018,1648"/>
                <TextEquiv>
                    <Unicode>Zuesamben Benentlichen Sechs tausent</Unicode>
                </TextEquiv>
            </TextLine>
            <TextLine id="tl_1748854794" custom="readingOrder {index:10;}">
                <Coords points="1990,1735 1987,1725 1980,1719 1941,1707 1703,1687 1533,1687 1227,1702 1067,1699 828,1719 773,1730 767,1737 767,1803 775,1810 894,1823 1244,1809 1346,1809 1625,1823 1972,1823 1985,1821 1990,1814"/>
                <Baseline points="767,1789 1990,1789"/>
                <TextEquiv>
                    <Unicode>dreyhundert vnd drey Zehen gulden rh.</Unicode>
                </TextEquiv>
            </TextLine>
            <TextLine id="tl_1748854807" custom="readingOrder {index:11;}">
                <Coords points="1945,1852 1935,1847 1878,1839 1685,1827 1566,1824 1231,1826 1135,1834 817,1845 786,1849 741,1864 737,1931 739,1946 756,1948 1793,1946 1887,1939 1945,1923 1947,1910"/>
                <Baseline points="737,1917 1947,1917"/>
                <TextEquiv>
                    <Unicode>1. s. 15. d. Inhalt Quitung vnnd</Unicode>
                </TextEquiv>
            </TextLine>
            <TextLine id="tl_1748854785" custom="readingOrder {index:12;}">
                <Coords points="2332,1987 2302,1952 2257,1946 2028,1935 1933,1940 1645,1970 1293,1976 760,1976 739,1980 733,1988 733,2084 738,2093 758,2101 841,2109 1410,2101 1876,2114 2218,2112 2253,2105 2271,2084 2306,2073 2337,2038"/>
                <Baseline points="733,2067 2315,2067"/>
                <TextEquiv>
                    <Unicode>Extract so hiebei Idest 6313 f. 1 " 15 "</Unicode>
                </TextEquiv>
            </TextLine>
            <TextLine id="tl_1748854797" custom="readingOrder {index:13;}">
                <Coords points="711,2209 710,2285 713,2297 719,2306 741,2318 765,2321 949,2321 1088,2309 1229,2303 1547,2303 1646,2313 1695,2314 1880,2287 1883,2282 1881,2210 1828,2194 1740,2183 1525,2175 1435,2175 1332,2182 1203,2181 1068,2165 899,2152 769,2148 750,2153 719,2184"/>
                <Baseline points="710,2277 1883,2277"/>
                <TextEquiv>
                    <Unicode>Den Lesten Decembris stelle Ich hie</Unicode>
                </TextEquiv>
            </TextLine>
            <TextLine id="tl_1748854792" custom="readingOrder {index:14;}">
                <Coords points="1907,2350 1866,2321 1831,2319 1708,2327 1670,2326 1581,2313 1522,2309 1368,2316 1142,2316 820,2348 764,2360 757,2370 757,2418 763,2424 775,2426 1155,2426 1396,2414 1597,2410 1792,2414 1876,2408 1907,2424"/>
                <Baseline points="757,2396 1883,2396"/>
                <TextEquiv>
                    <Unicode>mit in Außgab demnach von</Unicode>
                </TextEquiv>
            </TextLine>
            <TextLine id="tl_1748854820" custom="readingOrder {index:15;}">
                <Coords points="1904,2440 1889,2433 1647,2420 1589,2421 1517,2428 1317,2430 1149,2438 1025,2451 921,2470 821,2478 778,2485 770,2489 767,2496 767,2537 769,2543 780,2545 1237,2545 1454,2529 1642,2527 1772,2531 1901,2512 1904,2507"/>
                <Baseline points="767,2513 1904,2513"/>
                <TextEquiv>
                    <Unicode>ainer Lobl. N.Ö. Landtschafft</Unicode>
                </TextEquiv>
            </TextLine>
            <TextLine id="tl_1748854787" custom="readingOrder {index:16;} unclear {offset:28; length:7;}">
                <Coords points="1945,2565 1932,2558 1887,2554 1753,2557 1680,2548 1614,2547 1478,2558 1295,2564 1171,2573 1035,2570 915,2591 824,2594 769,2605 766,2670 770,2680 811,2682 1025,2681 1132,2673 1341,2671 1465,2679 1625,2663 1813,2666 1889,2662 1932,2655 1943,2649"/>
                <Baseline points="766,2646 1945,2646"/>
                <TextEquiv>
                    <Unicode>herrn Verordneten etc Ihrer gn. hn.</Unicode>
                </TextEquiv>
            </TextLine>
            <TextLine id="tl_1748854813" custom="readingOrder {index:17;} unclear {offset:13; length:7;}">
                <Coords points="1950,2728 1948,2714 1940,2707 1916,2700 1898,2688 1861,2683 1623,2677 1530,2684 1463,2696 1393,2688 1324,2687 1208,2703 1068,2699 954,2710 807,2716 772,2725 763,2731 762,2795 773,2798 1166,2798 1327,2785 1461,2780 1669,2780 1759,2788 1889,2789 1935,2784 1948,2779"/>
                <Baseline points="762,2767 1950,2767"/>
                <TextEquiv>
                    <Unicode>herrn Hannsen Premir Freyherrn etc</Unicode>
                </TextEquiv>
            </TextLine>
            <TextLine id="tl_1748854814" custom="readingOrder {index:18;}">
                <Coords points="1930,2829 1926,2823 1910,2819 1772,2812 1676,2799 1498,2795 1361,2799 1216,2812 1049,2821 807,2827 777,2831 767,2839 766,2912 782,2916 1277,2916 1484,2903 1712,2903 1871,2914 1912,2909 1928,2900"/>
                <Baseline points="766,2885 1930,2885"/>
                <TextEquiv>
                    <Unicode>vnd obristen Zue Raab etc seel.</Unicode>
                </TextEquiv>
            </TextLine>
            <TextLine id="tl_1748854816" custom="readingOrder {index:19;}">
                <Coords points="1939,2955 1932,2948 1894,2935 1757,2922 1314,2935 898,2953 836,2959 791,2971 787,2978 787,3040 791,3051 798,3055 840,3061 965,3065 1360,3066 1510,3076 1675,3077 1849,3055 1936,3040 1941,3030"/>
                <Baseline points="787,3036 1941,3036"/>
                <TextEquiv>
                    <Unicode>hinderlassnen herrn Erben Gem.</Unicode>
                </TextEquiv>
            </TextLine>
            <TextLine id="tl_1748854790" custom="readingOrder {index:20;}">
                <Coords points="1517,3243 1510,3219 1498,3198 1494,3181 1497,3164 1490,3155 1475,3152 1369,3159 1102,3163 1075,3167 1017,3190 956,3202 894,3205 772,3203 712,3211 674,3230 668,3239 667,3372 670,3380 682,3383 810,3383 871,3373 952,3352 1009,3346 1049,3346 1137,3355 1220,3375 1261,3377 1293,3371 1331,3355 1346,3344 1380,3331 1479,3306 1508,3295 1533,3278"/>
                <Baseline points="667,3323 1517,3323"/>
                <TextEquiv>
                    <Unicode>Latus per see.</Unicode>
                </TextEquiv>
            </TextLine>
            <TextEquiv>
                <Unicode></Unicode>
            </TextEquiv>
        </TextRegion>
        <TextRegion id="region_249564003" custom="readingOrder {index:1;}">
            <Coords points="2478,0 4956,0 4956,4003 2478,4003"/>
            <TextLine id="tl_1748854786" custom="readingOrder {index:0;}">
                <Coords points="2917,505 2928,512 2977,519 3222,520 3405,512 3617,493 3726,496 3834,507 3995,493 4145,494 4189,488 4200,481 4205,465 4205,376 4201,370 4186,366 4136,364 4035,374 3624,387 3471,400 3208,391 3156,384 3139,374 3103,365 3092,357 3030,356 3014,360 2998,374 2969,382 2957,409 2920,425"/>
                <Baseline points="2917,479 4205,479"/>
                <TextEquiv>
                    <Unicode>Statt Wienn auf dits 1635. Iahr</Unicode>
                </TextEquiv>
            </TextLine>
            <TextLine id="tl_1748854823" custom="readingOrder {index:1;}">
                <Coords points="4156,542 4150,526 4136,520 4044,513 3962,511 3830,526 3711,522 3605,508 3539,508 3488,515 3380,543 3334,550 3201,543 3155,545 3109,554 2977,588 2973,596 2974,639 2979,644 2991,646 3258,646 3501,621 3647,615 3820,615 3956,606 4147,603 4156,596"/>
                <Baseline points="2973,610 4156,610"/>
                <TextEquiv>
                    <Unicode>gebüerente Ordinari Landtsteuer</Unicode>
                </TextEquiv>
            </TextLine>
            <TextLine id="tl_1748854791" custom="readingOrder {index:2;}">
                <Coords points="4173,667 4141,641 4097,632 3990,626 3907,629 3827,638 3638,650 3538,662 3447,666 3334,681 3281,678 3264,671 3210,665 3094,670 2983,692 2973,703 2972,743 2981,754 3024,764 3319,765 3430,760 3580,745 3835,742 3921,730 4137,715 4172,729"/>
                <Baseline points="2972,728 4146,728"/>
                <TextEquiv>
                    <Unicode>der Toppelten gült einzufordern</Unicode>
                </TextEquiv>
            </TextLine>
            <TextLine id="tl_1748854801" custom="readingOrder {index:3;} unclear {offset:23; length:4;}">
                <Coords points="4197,793 4177,774 4127,767 3995,764 3913,754 3834,754 3770,759 3545,764 3338,787 3206,781 3067,784 3018,789 2968,802 2964,830 2965,878 2969,883 2984,885 3385,885 3506,878 3695,879 3858,860 4179,839 4197,844"/>
                <Baseline points="2964,850 4185,850"/>
                <TextEquiv>
                    <Unicode>cediert vnd übergeben ( man dan</Unicode>
                </TextEquiv>
            </TextLine>
            <TextLine id="tl_1748854793" custom="readingOrder {index:4;}">
                <Coords points="4168,925 4161,902 4147,883 4123,873 4082,870 3848,873 3680,893 3551,899 3462,912 3398,930 3307,944 3218,943 3080,924 3012,925 2994,932 2991,1003 3004,1010 3206,1013 3305,1024 3446,1023 3647,998 3778,992 3949,996 4060,976 4157,965 4168,957"/>
                <Baseline points="2991,984 4168,984"/>
                <TextEquiv>
                    <Unicode>derowegen hochgedacht Ir gn. herrn</Unicode>
                </TextEquiv>
            </TextLine>
            <TextLine id="tl_1748854811" custom="readingOrder {index:5;}">
                <Coords points="4270,1012 4267,1005 4250,1000 4033,1002 3831,1009 3686,1019 3425,1047 3356,1048 3233,1038 3130,1039 3038,1051 2982,1066 2980,1123 2983,1132 3400,1133 3598,1120 3833,1115 4023,1095 4235,1087 4270,1079"/>
                <Baseline points="2980,1099 4270,1099"/>
                <TextEquiv>
                    <Unicode>obristen etc die gebreüchige Einnember</Unicode>
                </TextEquiv>
            </TextLine>
            <TextLine id="tl_1748854798" custom="readingOrder {index:6;}">
                <Coords points="4256,1144 4253,1133 4235,1127 3933,1126 3582,1138 3453,1160 3317,1172 3149,1174 3025,1169 2969,1181 2966,1256 2974,1265 3319,1267 3440,1257 3633,1265 4012,1231 4187,1226 4244,1218 4255,1212"/>
                <Baseline points="2966,1231 4256,1231"/>
                <TextEquiv>
                    <Unicode>Ambts Quitung von herrn Mathiasen</Unicode>
                </TextEquiv>
            </TextLine>
            <TextLine id="tl_1748854815" custom="readingOrder {index:7;} unclear {offset:0; length:7;}">
                <Coords points="4201,1309 4248,1271 4192,1284 4138,1269 4055,1260 3914,1263 3637,1278 3426,1278 3338,1286 3059,1298 2978,1308 2968,1317 2967,1374 2968,1383 2980,1385 3299,1385 3393,1378 3512,1376 3830,1358 4041,1351 4196,1337 4200,1333"/>
                <Baseline points="2967,1353 4201,1353"/>
                <TextEquiv>
                    <Unicode>Taufrer lautent eingehendtiget</Unicode>
                </TextEquiv>
            </TextLine>
            <TextLine id="tl_1748854802" custom="readingOrder {index:8;}">
                <Coords points="4221,1382 4194,1372 4179,1369 3839,1371 3739,1375 3487,1400 3348,1401 3089,1433 2992,1449 2987,1456 2987,1501 2990,1506 3007,1508 3299,1508 3559,1492 3688,1498 3750,1497 3874,1478 3981,1471 4194,1449 4221,1440"/>
                <Baseline points="2987,1471 4200,1471"/>
                <TextEquiv>
                    <Unicode>worden Alß habe Ich hier auf die</Unicode>
                </TextEquiv>
            </TextLine>
            <TextLine id="tl_1748854782" custom="readingOrder {index:9;} unclear {offset:21; length:7;}">
                <Coords points="4208,1528 4200,1516 4153,1506 4022,1502 3881,1507 3750,1519 3698,1520 3612,1513 3468,1515 3180,1542 3024,1548 2981,1554 2970,1559 2967,1623 2971,1636 2983,1638 3427,1638 3566,1628 3741,1609 3949,1598 4182,1595 4207,1590"/>
                <Baseline points="2967,1604 4208,1604"/>
                <TextEquiv>
                    <Unicode>völlige betzahlung gelastet ver</Unicode>
                </TextEquiv>
            </TextLine>
            <TextLine id="tl_1748854812" custom="readingOrder {index:10;} unclear {offset:27; length:5;}">
                <Coords points="4237,1652 4227,1644 4132,1626 3619,1631 3429,1648 3248,1655 3157,1666 2973,1674 2959,1678 2953,1685 2951,1731 2954,1742 2965,1751 3008,1758 3568,1757 3799,1739 4176,1728 4232,1721 4238,1711"/>
                <Baseline points="2951,1725 4238,1725"/>
                <TextEquiv>
                    <Unicode>müg Quitung so Zwar den 2. Iener</Unicode>
                </TextEquiv>
            </TextLine>
            <TextLine id="tl_1748854810" custom="readingOrder {index:11;}">
                <Coords points="4776,1708 4688,1706 4667,1699 4599,1698 4351,1732 3017,1788 2973,1798 2928,1821 2921,1844 2922,1888 2934,1905 2958,1908 3293,1907 3582,1897 4019,1907 4528,1903 4772,1841"/>
                <Baseline points="2921,1854 4693,1854"/>
                <TextEquiv>
                    <Unicode>1636. datiert hiebei Idest 13809 f. 1 " 6 "</Unicode>
                </TextEquiv>
            </TextLine>
            <TextLine id="tl_1748854821" custom="readingOrder {index:12;}">
                <Coords points="2943,2016 2943,2098 2956,2107 2989,2111 3491,2111 3632,2102 4056,2088 4116,2082 4133,2073 4133,2025 4129,2013 4093,1985 4075,1978 3898,1981 3726,1977 3602,1993 3469,1996 3339,2012 3220,2006 3095,1980 2998,1975 2966,1978 2951,1984 2946,1991"/>
                <Baseline points="2943,2077 4133,2077"/>
                <TextEquiv>
                    <Unicode>Nichtweniger disen bemelten tag</Unicode>
                </TextEquiv>
            </TextLine>
            <TextLine id="tl_1748854799" custom="readingOrder {index:13;}">
                <Coords points="4272,2147 4266,2130 4239,2120 4221,2108 4163,2102 3824,2107 3712,2115 3472,2122 3277,2137 3206,2137 3131,2131 3026,2132 2979,2138 2965,2144 2962,2218 2969,2225 2988,2229 3118,2239 3377,2241 3592,2222 3808,2212 4065,2209 4251,2215 4264,2212 4271,2205"/>
                <Baseline points="2962,2204 4272,2204"/>
                <TextEquiv>
                    <Unicode>bringe Ich hiemit in Außgab ein</Unicode>
                </TextEquiv>
            </TextLine>
            <TextLine id="tl_1748854808" custom="readingOrder {index:14;}">
                <Coords points="4231,2259 4222,2249 4066,2232 3957,2228 3791,2233 3542,2262 3413,2272 3356,2273 3215,2257 3026,2262 2990,2267 2980,2274 2978,2349 2992,2358 3450,2360 3534,2359 3655,2348 3766,2349 3910,2339 4170,2343 4221,2334 4229,2329"/>
                <Baseline points="2978,2327 4231,2327"/>
                <TextEquiv>
                    <Unicode>daß von mir gelifferte Traitt</Unicode>
                </TextEquiv>
            </TextLine>
            <TextLine id="tl_1748854803" custom="readingOrder {index:15;}">
                <Coords points="4375,2349 4247,2377 4233,2373 4090,2371 3963,2357 3780,2361 3621,2359 3402,2378 3237,2379 2984,2397 2975,2405 2976,2461 2983,2466 3026,2474 3379,2476 3590,2465 4189,2461 4238,2457 4252,2451"/>
                <Baseline points="2975,2444 4252,2444"/>
                <TextEquiv>
                    <Unicode>welches Gem. Statt Wienn auf</Unicode>
                </TextEquiv>
            </TextLine>
            <TextLine id="tl_1748854789" custom="readingOrder {index:16;}">
                <Coords points="4183,2523 4180,2511 4171,2504 4131,2493 4082,2488 4014,2488 3935,2496 3874,2497 3743,2479 3649,2476 3558,2479 3433,2494 3392,2495 3303,2489 3044,2508 2995,2528 2992,2574 2996,2580 3009,2585 3129,2604 3178,2606 3398,2605 3479,2592 3553,2587 3925,2586 4171,2571 4182,2565"/>
                <Baseline points="2992,2572 4183,2572"/>
                <TextEquiv>
                    <Unicode>dits 1635iste Iahr angeschlagen</Unicode>
                </TextEquiv>
            </TextLine>
            <TextLine id="tl_1748854819" custom="readingOrder {index:17;}">
                <Coords points="4219,2618 4211,2610 4169,2602 4100,2596 3778,2596 3512,2601 3335,2633 3239,2642 3122,2640 3012,2624 2963,2625 2945,2633 2943,2685 2949,2694 2991,2704 3081,2712 3281,2712 3630,2702 3822,2711 3980,2700 4212,2694 4219,2689"/>
                <Baseline points="2943,2683 4219,2683"/>
                <TextEquiv>
                    <Unicode>worden Alß Nemblich Zu ihren halben</Unicode>
                </TextEquiv>
            </TextLine>
            <TextLine id="tl_1748854822" custom="readingOrder {index:18;}">
                <Coords points="4167,2724 4148,2716 4037,2706 3642,2709 3466,2724 3378,2719 3005,2722 2968,2726 2957,2732 2956,2814 2968,2823 3010,2831 3105,2836 3195,2836 3341,2824 3942,2826 4122,2833 4166,2825"/>
                <Baseline points="2956,2802 4167,2802"/>
                <TextEquiv>
                    <Unicode>Sechsten thail in Khorn 250. Mutt</Unicode>
                </TextEquiv>
            </TextLine>
            <TextLine id="tl_1748854817" custom="readingOrder {index:19;} unclear {offset:8; length:3;} unclear {offset:27; length:2;}">
                <Coords points="2941,2903 2941,2928 2949,2939 2961,2944 3273,2946 3526,2935 3818,2938 4124,2934 4149,2931 4155,2927 4156,2920 4155,2883 4142,2876 3964,2843 3815,2838 3319,2837 3192,2844 3006,2839 2983,2845 2961,2867 2949,2873"/>
                <Baseline points="2941,2918 4156,2918"/>
                <TextEquiv>
                    <Unicode>Item habern von hauß ½ Metzen</Unicode>
                </TextEquiv>
            </TextLine>
            <TextLine id="tl_1748854824" custom="readingOrder {index:20;} unclear {offset:19; length:8;}">
                <Coords points="4205,2992 4203,2981 4197,2975 4150,2963 3988,2944 3680,2943 3286,2952 2971,2966 2959,2971 2952,2981 2953,3061 2959,3068 2974,3074 3016,3080 3356,3085 3509,3078 3831,3081 4049,3097 4147,3098 4185,3092 4202,3082"/>
                <Baseline points="2952,3057 4205,3057"/>
                <TextEquiv>
                    <Unicode>87 ½ Mutt Landtmaß Die iden</Unicode>
                </TextEquiv>
            </TextLine>
            <TextLine id="tl_1748854796" custom="readingOrder {index:21;}">
                <Coords points="2933,3342 2936,3360 2943,3367 2977,3372 3053,3371 3175,3349 3258,3344 3372,3347 3516,3369 3578,3362 3630,3344 3681,3321 3714,3312 3783,3303 3821,3289 3826,3279 3825,3259 3821,3244 3810,3231 3805,3217 3805,3205 3818,3173 3820,3153 3811,3142 3779,3141 3724,3147 3681,3147 3531,3132 3300,3128 3244,3172 3176,3198 3111,3205 3012,3203 2968,3214 2956,3226 2940,3234 2934,3246"/>
                <Baseline points="2933,3311 3826,3311"/>
                <TextEquiv>
                    <Unicode>Latus per see.</Unicode>
                </TextEquiv>
            </TextLine>
            <TextEquiv>
                <Unicode></Unicode>
            </TextEquiv>
        </TextRegion>
    </Page>
</PcGts>
