4987 4003
721 377 1911 503 interims schein noch in April wie
734 505 1918 617 auch denen hernach gehenten Mon
719 618 1927 734 nathen diß bemelten 635. Iahr die
728 741 1961 864 abfüehrung beschehen die abraith
710 865 1996 982 vnd außwechßlung aber vntzt auf
738 991 1912 1106 berüerte Quitierung sich also
752 1119 2045 1229 lang verschoben welches man vmb
737 1239 1926 1358 khunfftiger nachrichtung ieden
726 1372 2015 1490 alda Zum bericht vermelten worden
1617 1476 2328 1636 Idest 33981 f. 6. 27.
677 1596 1922 1770 Ingleichen Betzalt Ich mergedachten
746 1762 2016 1892 herrn Mathiasen Taufrer Landt
716 1894 1928 2015 schafft Einnember den auf das
717 2005 1973 2155 1635. Iahr wegen der Cur Fürst.
754 2140 1961 2288 d. auß Bayrn etc Costfreyholt
718 2284 1899 2411 ung gemachten Anschlag auf
736 2403 1974 2532 iedes hauß 10.ten Zu Gem. Statt
749 2517 1959 2657 Wienn Quota völlig Nemblich
766 2658 1969 2785 Achthundert Fünffvndsibentzig
768 2779 1955 2918 gulden rh. inhalt Quittung vnd der
741 2909 1930 3045 Löbl. hn. verordneten decret hiebei
1631 2993 2319 3175 Idest 875 f.
766 3259 2234 3536 Latus 34850 f. 6. s. 27 d.
3004 305 4333 520 Den 12. Aprilis betzalt Ich Ebner
3033 509 4354 627 masen obgedachten herrn Mathiasen
3021 625 4355 743 Taufrer ainer Löbl. N.Ö. Landt
2977 737 4266 889 schafft herrn Verordneten bestelten
3014 850 4227 989 Einnember Zu handten Ir gn. herrn
2994 987 4190 1121 herrn Gerhardten U. Quotenberg
2982 1095 4227 1240 Freyherrn etc die Anno etc 1633 Zu Gem.
2952 1247 4262 1363 Statt Wienn Quota angeschlage
2978 1367 4327 1487 4. vnnd 2. s. gilt gebüer 5178 f.
2981 1478 4195 1596 3. s. 15 d Item aufs hauß
2960 1592 4228 1733 2. f. aufgott gelt 10500 f. rh.
2975 1737 4238 1862 Zuesamben Benentlichen Funfftzehen
2950 1857 4179 1989 tausent Sechshundert Achtvnnd
3018 2002 4198 2138 sibentzig g. rh. 3. s. 15 d vermüg
3034 2146 4176 2251 Quitung Extract vnd der herrn
2980 2250 4184 2374 Verordneten etc Decret alles
2972 2377 4750 2569 hiebei Idest 15678 f. 3 " 15 "
