<?xml version="1.0" encoding="UTF-8" standalone="yes"?>
<PcGts xmlns="http://schema.primaresearch.org/PAGE/gts/pagecontent/2013-07-15" xmlns:xsi="http://www.w3.org/2001/XMLSchema-instance" xsi:schemaLocation="http://schema.primaresearch.org/PAGE/gts/pagecontent/2013-07-15 http://schema.primaresearch.org/PAGE/gts/pagecontent/2013-07-15/pagecontent.xsd">
    <Metadata>
        <Creator>prov=READ-COOP:name=PyLaia@TranskribusPlatform:version=2.27.0:model_id=344665:lm=provided:date=02_06_2025_11:33</Creator>
        <Created>2025-05-27T15:02:43.296+02:00</Created>
        <LastChange>2025-06-04T13:32:05.449+02:00</LastChange>
        <TranskribusMetadata docId="8715728" pageId="97835486" pageNr="107" tsid="246297664" status="IN_PROGRESS" userId="261754" imgUrl="https://files.transkribus.eu/Get?id=TMCFMKPAYLGMMSAOVKMYUUTZ&amp;fileType=view" xmlUrl="https://files.transkribus.eu/Get?id=BHNKYMKKXVMPUABWIQSLMMJG" imageId="82034239"/>
    </Metadata>
    <Page imageFilename="97835486.tif" imageWidth="4945" imageHeight="4030">
        <ReadingOrder>
            <OrderedGroup id="ro_1749036725449" caption="Regions reading order">
                <RegionRefIndexed index="0" regionRef="region_149454030"/>
                <RegionRefIndexed index="1" regionRef="region_249454030"/>
            </OrderedGroup>
        </ReadingOrder>
        <TextRegion id="region_149454030" custom="readingOrder {index:0;}">
            <Coords points="0,0 2472,0 2472,4030 0,4030"/>
            <TextLine id="line_1748856479173_1338" custom="readingOrder {index:0;} unclear {offset:0; length:10;}">
                <Coords points="776,434 816,433 874,445 907,471 947,486 1006,496 1056,497 1248,481 1295,472 1347,471 1490,485 1558,468 1574,460 1580,451 1634,423 1717,417 1780,420 1878,411 1927,441 1946,477 1959,560 1941,605 1789,597 1544,605 1082,642 776,642"/>
                <Baseline points="776,585 1946,585"/>
                <TextEquiv>
                    <Unicode>gedacht Ir Röm. Kay. Matt etc</Unicode>
                </TextEquiv>
            </TextLine>
            <TextLine id="line_1748856487148_1346" custom="readingOrder {index:1;}">
                <Coords points="774,663 1157,663 1447,626 1779,612 1888,614 1942,621 1959,637 1964,657 1963,691 1949,714 1917,727 1889,731 1705,733 1308,727 1154,733 1008,746 774,745"/>
                <Baseline points="774,711 1964,711"/>
                <TextEquiv>
                    <Unicode>Rath vnd Vitzdomb etc herrn Veithen</Unicode>
                </TextEquiv>
            </TextLine>
            <TextLine id="tl_1748854781" custom="readingOrder {index:2;} unclear {offset:19; length:11;}">
                <Coords points="1864,760 1860,751 1844,745 1470,746 1281,761 1191,761 1081,773 799,780 771,786 734,809 729,854 733,867 741,871 789,879 966,880 1060,889 1320,890 1357,880 1402,874 1567,873 1756,864 1857,851 1865,837"/>
                <Baseline points="729,853 1865,853"/>
                <TextEquiv>
                    <Unicode>Schinderl etc über den hieuor In </Unicode>
                </TextEquiv>
            </TextLine>
            <TextLine id="tl_1748854780" custom="readingOrder {index:3;}">
                <Coords points="1985,873 1982,857 1976,853 1940,850 1911,852 1792,875 1732,879 1598,897 1370,895 1194,906 927,897 741,905 722,912 720,975 727,983 842,996 1158,997 1287,986 1650,979 1877,967 1937,958 1976,941 1984,924"/>
                <Baseline points="720,958 1985,958"/>
                <TextEquiv>
                    <Unicode>abschlag Empfangen 500. f.</Unicode>
                </TextEquiv>
            </TextLine>
            <TextLine id="tl_1748854771" custom="readingOrder {index:4;}">
                <Coords points="1932,1037 1929,1020 1918,1011 1878,997 1839,993 1282,1004 1081,1014 757,1006 714,1009 701,1016 699,1104 705,1118 762,1127 906,1123 981,1130 1211,1130 1336,1120 1556,1129 1737,1124 1838,1114 1926,1094 1932,1079"/>
                <Baseline points="699,1095 1932,1095"/>
                <TextEquiv>
                    <Unicode>Zu völliger abstottung Gem.</Unicode>
                </TextEquiv>
            </TextLine>
            <TextLine id="tl_1748854782" custom="readingOrder {index:5;}">
                <Coords points="2029,1139 2024,1128 1940,1143 1660,1145 1425,1132 1340,1132 1067,1144 926,1140 818,1142 761,1148 712,1160 707,1171 707,1242 716,1253 768,1259 962,1259 1167,1245 1419,1254 1813,1249 1856,1245 1907,1234 1928,1221 1954,1214 1960,1203"/>
                <Baseline points="707,1225 1960,1225"/>
                <TextEquiv>
                    <Unicode>Statt Wienn Schatzsteuer auf</Unicode>
                </TextEquiv>
            </TextLine>
            <TextLine id="tl_1748854777" custom="readingOrder {index:6;}">
                <Coords points="1911,1275 1904,1265 1892,1262 1667,1268 1526,1260 1097,1269 836,1291 771,1304 757,1312 756,1371 762,1376 814,1381 1051,1375 1138,1381 1234,1382 1420,1374 1620,1376 1778,1365 1901,1341 1911,1331"/>
                <Baseline points="756,1350 1911,1350"/>
                <TextEquiv>
                    <Unicode>das abgeloffen 1634.iste</Unicode>
                </TextEquiv>
            </TextLine>
            <TextLine id="tl_1748854763" custom="readingOrder {index:7;}">
                <Coords points="2110,1342 2106,1333 2042,1343 1988,1344 1650,1373 1285,1393 1202,1395 1033,1388 812,1401 752,1413 740,1420 738,1503 1047,1506 1327,1501 1469,1504 1735,1492 1953,1463 2006,1449 2026,1427 2059,1413 2063,1403"/>
                <Baseline points="738,1463 2064,1463"/>
                <TextEquiv>
                    <Unicode>Iahr Benentlichen Fünffhundert</Unicode>
                </TextEquiv>
            </TextLine>
            <TextLine id="tl_1748854776" custom="readingOrder {index:8;}">
                <Coords points="746,1514 2043,1514 2043,1646 746,1646"/>
                <Baseline points="746,1613 2043,1613"/>
                <TextEquiv>
                    <Unicode>gulden rh. vermüg Quittung welche</Unicode>
                </TextEquiv>
            </TextLine>
            <TextLine id="tl_1748854764" custom="readingOrder {index:9;} unclear {offset:0; length:4;}">
                <Coords points="736,1654 2018,1654 2018,1774 736,1774"/>
                <Baseline points="736,1744 2018,1744"/>
                <TextEquiv>
                    <Unicode>Zwar den 27. Iunii 634. datiert</Unicode>
                </TextEquiv>
            </TextLine>
            <TextLine id="tl_1748854779" custom="readingOrder {index:10;}">
                <Coords points="2394,1762 2383,1742 2361,1737 2210,1762 1903,1794 1618,1812 1318,1810 1087,1794 911,1798 768,1813 760,1825 760,1892 773,1906 824,1911 974,1911 1245,1893 1373,1893 1682,1921 2285,1920 2330,1913 2390,1890 2395,1857"/>
                <Baseline points="760,1875 2395,1875"/>
                <TextEquiv>
                    <Unicode>ist hiebei Idest 500. f.</Unicode>
                </TextEquiv>
            </TextLine>
            <TextLine id="tl_1748854757" custom="readingOrder {index:11;}">
                <Coords points="1947,2080 1880,2064 1634,2037 1436,2037 1355,2046 1293,2067 1237,2077 1143,2084 1060,2084 928,2076 877,2066 810,2042 763,2043 730,2059 708,2078 700,2119 700,2159 708,2177 745,2196 787,2202 991,2202 1230,2191 1387,2203 1508,2202 1574,2196 1758,2195 1847,2181 1898,2165 1902,2160"/>
                <Baseline points="700,2160 1902,2160"/>
                <TextEquiv>
                    <Unicode>Den 12. Octobris betzalt Ich</Unicode>
                </TextEquiv>
            </TextLine>
            <TextLine id="tl_1748854775" custom="readingOrder {index:12;} unclear {offset:16; length:6;}">
                <Coords points="738,2240 739,2311 753,2318 773,2319 937,2318 1319,2298 1451,2306 1779,2307 1972,2297 1977,2290 1975,2222 1960,2216 1830,2215 1752,2222 1555,2216 1425,2228 1370,2228 1248,2216 1022,2222 795,2214 750,2222 741,2228"/>
                <Baseline points="738,2292 1977,2292"/>
                <TextEquiv>
                    <Unicode>Nichtweniger mehrerlgedach</Unicode>
                </TextEquiv>
            </TextLine>
            <TextLine id="tl_1748854766" custom="readingOrder {index:13;}">
                <Coords points="1995,2330 1987,2322 1930,2311 1581,2315 1391,2313 1241,2317 868,2344 814,2351 769,2365 766,2371 766,2427 775,2436 1014,2438 1218,2428 1471,2432 1638,2420 1795,2437 1908,2433 1980,2425 1994,2420"/>
                <Baseline points="766,2404 1995,2404"/>
                <TextEquiv>
                    <Unicode>ten herrn Schinderl etc Röm. Khay.</Unicode>
                </TextEquiv>
            </TextLine>
            <TextLine id="tl_1748854760" custom="readingOrder {index:14;}">
                <Coords points="1971,2463 1955,2455 1813,2454 1761,2449 1697,2436 1646,2433 1235,2439 1067,2450 795,2460 735,2481 732,2549 735,2559 743,2564 797,2572 1113,2572 1334,2557 1640,2556 1761,2548 1951,2547 1968,2544 1971,2540"/>
                <Baseline points="732,2535 1971,2535"/>
                <TextEquiv>
                    <Unicode>Matt etc Rath vnd Vitzdomb etc</Unicode>
                </TextEquiv>
            </TextLine>
            <TextLine id="tl_1748854774" custom="readingOrder {index:15;}">
                <Coords points="1987,2588 1958,2577 1911,2570 1834,2566 1471,2568 1253,2578 821,2619 775,2636 768,2651 768,2672 772,2679 823,2690 1305,2689 1532,2672 1620,2673 1810,2690 1931,2689 1960,2685 1987,2683"/>
                <Baseline points="768,2659 1968,2659"/>
                <TextEquiv>
                    <Unicode>in Össterreich vnder der Ennß</Unicode>
                </TextEquiv>
            </TextLine>
            <TextLine id="tl_1748854759" custom="readingOrder {index:16;} unclear {offset:20; length:4;}">
                <Coords points="757,2696 1943,2696 1943,2839 757,2839"/>
                <Baseline points="757,2801 1943,2801"/>
                <TextEquiv>
                    <Unicode>In abschlag Gem. Statt Wienn</Unicode>
                </TextEquiv>
            </TextLine>
            <TextLine id="tl_1748854761" custom="readingOrder {index:17;}">
                <Coords points="1525,2998 1518,2988 1480,2977 1414,2985 1271,2982 1197,2995 1073,3027 1016,3034 956,3032 880,3024 731,3023 657,3030 621,3039 594,3052 585,3062 581,3086 583,3185 588,3198 596,3201 691,3200 766,3188 796,3177 838,3169 902,3162 945,3162 1108,3171 1151,3180 1204,3201 1285,3202 1310,3199 1373,3170 1410,3159 1482,3148 1523,3134 1528,3129 1579,3100 1530,3051"/>
                <Baseline points="581,3145 1530,3145"/>
                <TextEquiv>
                    <Unicode>Latus per see.</Unicode>
                </TextEquiv>
            </TextLine>
            <TextEquiv>
                <Unicode></Unicode>
            </TextEquiv>
        </TextRegion>
        <TextRegion id="region_249454030" custom="readingOrder {index:1;}">
            <Coords points="2473,0 4945,0 4945,4030 2473,4030"/>
            <TextLine id="tl_1748854765" custom="readingOrder {index:0;}">
                <Coords points="4171,419 4168,413 4156,408 4125,405 4006,407 3915,399 3790,404 3698,430 3675,442 3581,470 3489,478 3434,472 3301,468 3225,447 3159,439 2982,441 2935,453 2925,462 2920,512 2921,573 2930,584 2978,587 3361,586 3651,572 3866,554 4125,552 4160,545 4169,537"/>
                <Baseline points="2920,540 4171,540"/>
                <TextEquiv>
                    <Unicode>Schatz Steuer auf dits Iahr Be</Unicode>
                </TextEquiv>
            </TextLine>
            <TextLine id="tl_1748854768" custom="readingOrder {index:1;}">
                <Coords points="4184,613 4181,605 4158,599 3986,593 3861,581 3421,594 2993,638 2982,644 2976,653 2975,695 2980,704 2990,708 3397,710 3657,706 3808,697 3920,699 4134,695 4177,690 4183,685"/>
                <Baseline points="2975,677 4184,677"/>
                <TextEquiv>
                    <Unicode>nentlichen Fünffhundert gul</Unicode>
                </TextEquiv>
            </TextLine>
            <TextLine id="tl_1748854772" custom="readingOrder {index:2;}">
                <Coords points="2985,794 2986,833 3076,859 3093,873 3107,879 3507,879 3547,872 3665,868 3810,857 3929,840 4083,830 4122,824 4138,818 4141,812 4141,737 4134,730 4114,727 3823,718 3529,717 3346,724 3226,732 3149,747 3080,769 3072,776"/>
                <Baseline points="3068,837 4141,837"/>
                <TextEquiv>
                    <Unicode>den rh. Inhalt Quitung so hiebei</Unicode>
                </TextEquiv>
            </TextLine>
            <TextLine id="tl_1748854783" custom="readingOrder {index:3;}">
                <Coords points="4658,831 4655,817 4646,809 4616,806 4558,809 4448,826 4387,830 4157,827 3928,845 3903,849 3875,858 3859,866 3845,879 3834,904 3833,944 3839,955 3869,964 4064,966 4182,963 4293,975 4389,1001 4646,1001 4652,991 4654,984 4655,950 4651,925 4659,887"/>
                <Baseline points="3833,944 4659,944"/>
                <TextEquiv>
                    <Unicode>Idest 500. f.</Unicode>
                </TextEquiv>
            </TextLine>
            <TextLine id="tl_1748854756" custom="readingOrder {index:4;}">
                <Coords points="2953,1095 2954,1140 2961,1164 2987,1181 3003,1213 3031,1216 3198,1216 3340,1193 3558,1191 3698,1174 3878,1168 3917,1161 4091,1156 4146,1149 4154,1135 4152,1059 4142,1052 4101,1039 4014,1026 3700,1033 3463,1080 3408,1087 3352,1088 3178,1058 3130,1040 3112,1020 3089,1013 3084,1004 3074,998 3055,994 3006,996 2992,1004 2980,1020 2964,1028 2957,1047"/>
                <Baseline points="2953,1159 4154,1159"/>
                <TextEquiv>
                    <Unicode>Den Lesten dito bezalt Ich Nicht</Unicode>
                </TextEquiv>
            </TextLine>
            <TextLine id="tl_1748854778" custom="readingOrder {index:5;}">
                <Coords points="4168,1228 4136,1201 4126,1197 4084,1192 3989,1192 3863,1199 3699,1195 3641,1201 3541,1222 3498,1227 3456,1228 3376,1212 3294,1212 3241,1222 3216,1232 3168,1242 2990,1254 2979,1262 2979,1310 2984,1315 2997,1317 3315,1317 3498,1299 3623,1297 3709,1290 3843,1288 4126,1274 4168,1287"/>
                <Baseline points="2979,1285 4140,1285"/>
                <TextEquiv>
                    <Unicode>weniger vorwolgedachten herrn</Unicode>
                </TextEquiv>
            </TextLine>
            <TextLine id="tl_1748854762" custom="readingOrder {index:6;}">
                <Coords points="4155,1314 4152,1308 4143,1304 4119,1302 3901,1311 3535,1312 3479,1317 3369,1340 3284,1350 3231,1349 3114,1337 3012,1341 2970,1350 2959,1356 2958,1447 2972,1453 3010,1456 3149,1455 3237,1461 3323,1461 3444,1443 3692,1431 3837,1410 4054,1409 4106,1404 4153,1395"/>
                <Baseline points="2958,1419 4155,1419"/>
                <TextEquiv>
                    <Unicode>Schinderl etc Khay. Vitzdomb Zue</Unicode>
                </TextEquiv>
            </TextLine>
            <TextLine id="tl_1748854767" custom="readingOrder {index:7;}">
                <Coords points="4143,1474 4135,1459 4081,1444 3831,1437 3401,1468 3320,1487 3269,1493 3180,1493 3052,1481 2986,1481 2959,1484 2945,1491 2944,1554 2958,1556 3648,1555 3801,1543 4079,1533 4141,1525"/>
                <Baseline points="2944,1524 4143,1524"/>
                <TextEquiv>
                    <Unicode>völliger abstottung bemelter</Unicode>
                </TextEquiv>
            </TextLine>
            <TextLine id="tl_1748854770" custom="readingOrder {index:8;}">
                <Coords points="4240,1548 4186,1562 4169,1558 3884,1559 3364,1569 3013,1585 2964,1591 2916,1606 2915,1686 2926,1691 2972,1692 3314,1691 3603,1678 3994,1671 4136,1660 4182,1645 4188,1628"/>
                <Baseline points="2915,1657 4189,1657"/>
                <TextEquiv>
                    <Unicode>Schatzsteuer Benentlichen fünff</Unicode>
                </TextEquiv>
            </TextLine>
            <TextLine id="tl_1748854773" custom="readingOrder {index:9;}">
                <Coords points="4201,1718 4176,1704 4160,1698 3921,1694 3592,1699 3263,1723 3086,1716 2982,1721 2939,1728 2924,1735 2922,1828 2928,1839 2949,1841 3309,1836 3553,1841 3899,1840 4119,1831 4168,1818 4178,1811 4201,1801"/>
                <Baseline points="2922,1802 4182,1802"/>
                <TextEquiv>
                    <Unicode>hundert gulden rh. vermüg Quit</Unicode>
                </TextEquiv>
            </TextLine>
            <TextLine id="tl_1748854758" custom="readingOrder {index:10;}">
                <Coords points="4593,1812 4586,1800 4559,1794 4496,1801 4382,1825 3725,1856 3536,1855 3296,1841 3007,1846 2964,1853 2922,1884 2915,1913 2919,1984 2930,1998 2975,2001 3234,2000 3472,1988 3862,2000 4556,1999 4578,1990 4591,1962"/>
                <Baseline points="2915,1947 4593,1947"/>
                <TextEquiv>
                    <Unicode>ung so hiebei Idest 500. f.</Unicode>
                </TextEquiv>
            </TextLine>
            <TextLine id="tl_1748854785" custom="readingOrder {index:11;}">
                <Coords points="4182,2157 4177,2145 4162,2134 4116,2136 4061,2154 4035,2177 3988,2202 3918,2212 3638,2197 3551,2184 3510,2170 3404,2156 3287,2150 3245,2156 3182,2191 3163,2209 3108,2234 3057,2250 2958,2271 2901,2294 2895,2307 2895,2401 2905,2417 2941,2425 3098,2416 3180,2417 3277,2429 3351,2444 3649,2473 3826,2470 4002,2477 4056,2474 4076,2468 4089,2453 4091,2384 4099,2356 4128,2332 4147,2296 4176,2271 4183,2230"/>
                <Baseline points="2895,2389 4183,2389"/>
                <TextEquiv>
                    <Unicode>Latus 1000. f.</Unicode>
                </TextEquiv>
            </TextLine>
            <TextEquiv>
                <Unicode></Unicode>
            </TextEquiv>
        </TextRegion>
    </Page>
</PcGts>
