4944 4032
669 471 1925 651 Den Decembris stelle Ich hie
738 691 1908 770 mit in Außgab demnach von
736 784 1938 902 ainer Lob. N.Ö. Landtschafft
714 916 1950 1035 herrn Verordneten etc Ihrer gn. hn
697 1040 1973 1162 herrn Hannsen Premer Freyherrn etc
723 1159 1911 1284 vnd obristen Zu Raab etc Gem.
707 1292 1933 1416 Statt Wienn auf das abgewichen
733 1419 1857 1546 1633 iste Iahr gebüerente
755 1547 1892 1671 ordinari Landtsteuer der
713 1674 1933 1806 Doppelten gilt ein Zufordern
729 1811 1945 1937 Cediert vnd übergeben ( engen
766 1941 1964 2075 dan derwegen hochgedachtes
744 2084 1932 2207 Ir gn. herrn obristen etc herrn
721 2205 1973 2335 Erben die gebreuchige Einnember
717 2341 1914 2466 Ambts Quitung von herrn
701 2473 1967 2610 Mathiasen Tandfrer Lautent
766 2609 1974 2736 eingehendtiget worden ) Alß
768 2748 2011 2876 habe Ich über die hiebeuor dern
773 2879 2012 3035 in abschlag durch Weillendt
2968 329 4158 544 Herrn Vlrichen Kherttenkholch ge
2980 552 4169 671 westen ober Statt Camerern
2967 664 4175 812 seel. bezolten 5213. f. ( welche
2977 811 4203 930 mir per Inuentarium in Em
2944 932 4138 1063 pfang übergeben vnd khamben
2966 1067 4161 1190 sein ) an heut dato die völige
2966 1187 4149 1321 abstottung gethon vnd ligt
2975 1321 4088 1438 die Quitung so Zwor den 2.
2948 1447 4155 1573 Iener dis Iahr datiert vnd
2973 1562 4128 1704 auf gedachten herrn Khertten
2939 1721 4069 1876 kholch seel. gestelt ist hiebei
3817 1780 4734 2005 Idest 13809. f. 1 " 6 "
3079 2097 4027 2307 1635.
2934 2364 4134 2514 Den Lesten Aprilis Anno etc 1635. Be
2955 2517 4183 2649 tzalt Ich Herrn Mathiasen Taufrer
2970 2638 4131 2761 ainer Löbl. N.Ö. Landtschafft
2938 2774 4102 2891 herrn Verordneten etc bestelten
2965 2885 4245 3045 Einnember über die hieuor durch
2871 3084 3884 3348 Latus per see.
