4935 4081
816 649 2047 792 Gottes Diennsten die dauon Ver
785 793 2053 913 fallene halb Iahrige Bsoldung alß
787 891 2074 1015 von 20. Septemb. 645. bis 21. Febr.
777 1009 2064 1144 diß Iahr Nemblichen Funff Zehen gulden
792 980 2451 1244 Vermüg Quittung so hiebey Idest 15. f - s - d
746 1410 2031 1583 Ingleichem Zalte Ich Ihme Organisten
763 1567 1991 1684 sein mit Quatember Reminihscere
767 1675 2067 1799 gebiehrundte Bsoldung Benentlichen
754 1782 2077 1899 Siben vnnd Dreissig gulden rh. 4 s.
760 1774 2436 1993 Vermüg Quittung so hiebey Idest 37 f 4 s - d
726 2154 2073 2318 Ich Zalte auch Herrn Vallentin Lehener
757 2311 2067 2428 des Aussern Raths vnnd handlßman
751 2417 1917 2517 weegen der für die Canthorey
741 2512 1957 2630 Khnaben auf das 645.iste Iahr herge
721 2620 1959 2734 gebenen Tuechs Zu Ihren Windter
746 2723 1977 2841 Klaidern vber Sechs gulden abbruch
735 2836 1955 2945 noch die Verblibene Zwayhundert
752 2901 2057 3048 Siben vnnd Sibentzig gulden 1. s 10 d.
793 2874 2404 3153 vermüg Auß Zug so hiebey Idest 277 f 1 s 10 d
951 3261 2117 3566 Lattus 329 f 5 s 10 d.
2830 591 4103 750 Ebenermassen Zalte Ich weegen für
2848 731 4098 860 Herrn Conradten Bramböhr Burger
2866 852 4113 973 maisters etc. Iungen Zu ainem Klaidt
2869 966 4025 1071 hergegebenen vnnd gesprangten
2847 1067 4064 1186 Spannischen Tuechs Sibentzehen gulden
2855 1182 4203 1283 7. s. vermüg von Herrn Burgermaister
2858 1235 4687 1419 Vnnderschribenen AußZugs Idest 17 f 7. s - d.
2764 1480 4211 1643 Den 17. Maii Zalte Ich Hannßen Hainrichen
2834 1632 4099 1746 Drischeuger Violisten Zu St. Stephann sein
2848 1736 4036 1850 mit Georgi diß Iahr verfallene halb
2829 1842 4033 1953 Iahrige Diennsts Bsoldung Benent
2854 1942 4103 2053 lichen Zwaintzig gulden rh. Vermüg
2831 1963 4674 2171 Quittung so hiebey Idest 20 f - s - d.
2811 2251 4135 2394 Den 19. dito Zalte Ich Herrn Iohann Win
2821 2388 4086 2496 sauer Capellmaistern Zu St. Stephann
2824 2489 4028 2608 das Ienige für die Neun Cantores auf
2816 2593 4013 2711 diß Iahr Innen Zuestehennde Klaider
2823 2689 3981 2801 geldt Benentlichen Ainhundert
2832 2796 4025 2912 Acht gulden rh. Vermüg Quittung so
2806 2843 4667 3045 hiebey Idest 108 f - s - d.
3013 3186 4155 3506 Lattus 145 f 7 s - d.
