4970 4081
804 622 2051 799 Ebenermassen Zalte Ich Ihme Herrn
792 791 2092 923 Winsauer sein auf diß Iahr Ihme Zue
800 901 2127 1017 stehenudes Klaider geldt Benent
806 1006 2155 1134 lichen Vier vnnd Zwaintzig gulden rh.
844 994 2452 1235 Vermüg Quittung so hiebey Idest 24 f - s - d
757 1326 2049 1484 Nicht weniger Zalte Ich Ihme Herrn
801 1474 2057 1581 Winsauer sein mit H. Phüngsten
816 1553 2138 1685 diß Iahr verfallene Diennsts Bsoldung
808 1655 2156 1784 Benentlichen Fünff vnnd Sibentzig gul
807 1644 2444 1900 den rh. Vermüg Quittung so hiebey Idest 75. f - s - d
750 2055 2052 2226 Den 26. dito Zalte Ich dem Iohann Con
798 2218 2036 2328 raden Saltzer organisten Zu St.
795 2318 2053 2429 Stephann sein mit 23. Maii diß Iahr
799 2416 2028 2529 verfallene Quartal Diennsts Bsol
777 2518 2002 2632 dung Benentlichen Siben vnnd
770 2547 2130 2718 Dreissig gulden rh. 4. s Vermüg Quit
787 2609 2415 2831 tung so hiebey Idest 37 f 4 s - d
765 2968 2047 3156 Ebenmessig Zalte Ich Ihme organisten
959 3265 2079 3545 Lattus 136 f 4 s - d.
2948 571 4162 701 das auf diß Iahr Ihme Zuestendige Holtz
2929 691 4097 799 Mehl Klaider vnnd Rorate geldt
2897 790 4140 905 Benentlichen Dreissig gulden rh. Ver
2919 870 4709 1048 müg Quittung so hiebey Idest 30 f - s - d.
2873 1121 4149 1260 Den lesten dito Zalte Ich auch Hannßen
2921 1255 4089 1377 Rauscher Burger. Schuestern weegen
2909 1353 4117 1456 der für die Canthorey Khnaben Zu St.
2871 1445 4195 1548 Stephann von 21. Ianuarii bis 9. Febr.
2901 1538 4161 1647 diß Iahr gemachten Schuechen die dest
2905 1633 4283 1751 weegen eingesetzte Neün gulden 6. s 12 d.
2917 1700 4700 1878 Laut AußZügl so hiebey Idest 9 f 6 s 12 d.
2850 1946 4119 2083 Auch Zalte Ich Weillendt Herrn Magin
2872 2080 4146 2194 Clementen Appodeckhern hinderlassenen
2860 2182 4130 2281 Wittib weegen der für die Canthorey
2879 2273 4149 2385 Khnaben hergegebenen Medicin die dar
2869 2376 4183 2485 für eingestelten Vier gulden 6. s 12. d.
2879 2440 4691 2618 ut AußZügl so hiebey Idest 4 f 6 s 14 d.
2822 2762 4076 2933 Den 11. Augustii Zalte Ich Herrn Iohann
2866 2914 4219 3054 Puechner Discant Geigern Zu St. Stephann
3010 3145 4169 3472 Lattus 44 f 4. s 24. d.
