4976 4089
813 620 2157 781 Canthorey Knaben Zu Ihren Windter
838 786 2177 891 Klaidern hergegebenen Hemetern
836 892 2107 995 Vberschlägl vnnd Strimpfen Nemb
816 985 2096 1112 lichen Drey Zehen gulden 6 rh. Ver
841 989 2479 1212 müg Auß Zügl so hiebey Idest 13. f - s 24. d
775 1421 2145 1584 Mehr Zalte Ich Herrn Iohann Wiersauer
809 1577 2104 1697 Canthorn Zu St. Stephann das auf
809 1685 2054 1802 Verwichenes 645.iste Iahr gebiehr
801 1795 2055 1903 unde Rorate geldt Benentlichen
788 1901 2098 2046 Sechs gulden rh. Vermüg Quittung
792 1859 2462 2127 so hiebey Idest 6 f - s - d
761 2321 2039 2443 Den 23. Februarii Zalte Ich Herrn
770 2437 2031 2550 Iohann Winsauer Canthorn bey St.
756 2540 2086 2648 Stephann sein mit Quatember Remi
755 2645 2091 2757 nihscere verfallene Diensts Bsoldung
741 2750 2033 2860 Benentlichen Fünff vnnd Sibentzig
734 2847 2055 2967 gulden rh. Vermüg Quittung so hie
748 2805 2438 3065 bey Idest 75 f - s - d
900 3233 2096 3600 Lattus 94. f - s - d.
2862 548 4231 735 Eodem die Zalte Ich Ihme Herrn Win
2930 731 4243 849 sauer die für der Khnaben Praeceptor
2941 842 4172 968 mit Quatember Reminihscere diß
2937 958 4255 1068 Iahr verfallene Quartal Diensts Bsol
2923 1061 4272 1175 dung Benentlichen Siben vnnd Dreis
2912 1169 4214 1293 sig gulden rh. 4. s Vermüg Quittung
2922 1246 4741 1400 so hiebey Idest 37 f 4. s - d.
2908 1487 4175 1640 Ingleichen Zalte Ich auch Ihme Herrn
2903 1629 4194 1744 Winsauer weegen des absonder
2904 1725 4181 1840 lichen durch Drey Canntores in der
2927 1824 4169 1941 Khirchen Saluatorem Verrichten
2922 1928 4144 2051 Gottes Diennst die mit endt diß
2924 2022 4191 2143 Monnaths Verfallene Bsoldung Be
2914 2134 4101 2263 nentlichen Siben vnnd Dreissig
2920 2243 4114 2384 gulden rh. 4. s Vermüg Quittung
2930 2308 4731 2486 so hiebey Idest 37 f 4 s - d.
2862 2585 4140 2742 Den 23. Martii Zalte Ich dem Iohann
2906 2736 4076 2859 Conradten Saltzer Organisten
2913 2828 4103 2946 weegen der bey St. Saluator Ver
2887 2930 4119 3069 richten Son. vnnd Feyrtäglichen
3077 3177 4268 3477 Lattus 75. f - s - d.
