4962 4076
807 629 2043 779 weegen der aldarten Vnderschidlich
797 763 2078 890 Verrichten Gottes Diennsten daß auf
792 860 2072 994 diß Iahr verfallene halb Iahrige Bsol
778 982 2077 1097 dungs deputat Benentlichen Fünff
795 1085 2037 1202 vnnd Zwaintzig gulden rh. Vermüg
803 1044 2447 1297 Quittung so hiebey Idest 25 f - s - d.
774 1479 2187 1640 Ich Zalte auch dem Adamen Stöckhl Burger.
780 1626 2052 1733 Schneidern weegen der für die
787 1714 2046 1835 Canthorey Khnaben auf diß Iahr ge
779 1815 2050 1941 machten Somer Klaidern die vber
787 1913 2078 2041 abbruch Ain gulden 24. kr. noch schul
771 2031 2088 2152 dig Verblibene VierZehen gulden rh.
785 2015 2431 2264 Vermüg Quittung so hiebey Idest 14 f - s -
739 2429 2063 2584 Mehr Zalte Ich Herrn Iohann Winsauer
785 2582 2057 2695 Canthorn Zu St. Stephann für der
787 2535 2434 2768 Khnaben Praeceptor von Quatember Reminiscere biß
334 2766 2064 2905 Quatember Phüngsten diß Iahr verfallene Diensts
772 2880 2030 2988 Bsoldung Benentlichen Siben vnnd
761 2968 2081 3092 Dreissig gulden 4. s vermüg Quit
744 2971 2403 3168 tung so hiebey Idest 37 f 4 s -
926 3278 2043 3550 Lattus 76 f 4 s - d.
2885 575 4191 752 Ich Zalte auch dem Maister Oßwaldten
2899 728 4098 848 Hoffman Huetmachern für die Zu
2930 835 4183 959 der Canthorey Khnaben Zu Ihren Somer
2924 952 4144 1055 Klaidern hergegebenen Hietten sambt
2917 1044 4168 1150 Schniern alß für Ieden Ain gulden 6. s.
2915 1137 4143 1246 Zusamben Benentlichen Zehen gulden
2919 1199 4710 1373 4. s vermüg Quittung so hiebey Idest 10 f 4. s - d.
2865 1441 4107 1576 Den 7. September Zalte Ich Hannsen
2915 1569 4049 1681 Mackhe Burger. Schuestern für die
2929 1668 4040 1768 von 29. April bis 27. Augustii
2916 1756 4056 1874 diß Iahr denen Canthorey Khnaben
2893 1869 4078 1973 gemachten Schuechen Benentlichen
2905 1965 4125 2065 Sechs vnnd Dreissig gulden rh. Vermüg
2906 1996 4708 2187 Quittung so hiebey Idest 36 f - s - d.
2869 2298 4078 2456 Den 16. dito Zalte Ich Herrn Conradten
2910 2446 4037 2560 Khollman Media Dorn weegen Cur
2910 2547 4141 2653 rierung obbemelter Khnaben die Ihme
2895 2650 4074 2760 auf diß Iahr gebiehrundte Viertzehen
2896 2752 4129 2875 gulden rh. Vermüg Quittung so hie
2876 2822 4699 3012 bey Idest 14 f - s - d.
3134 3138 4190 3437 Lattus 60. f 4. s - d.
