4945 4072
2523 183 4482 706 Ausgab auf die Can
2983 687 4107 802 thorey bey St. Stephann
2891 847 4140 1001 Den 20. Ianuarii Anno etc Sechtzehen
2925 989 4155 1107 hundert Sechs vnnd Viertzig Zalte
2939 1101 4149 1212 Ich Iohann Puechner Discant Geigern
2924 1203 4156 1304 Zu St. Stephann sein mit Enndt 645.
2916 1292 4124 1409 Verfallenes halb Iahriges deputat
2891 1399 4164 1517 Benentlichen Fünff vnnd Zwaintzig
2899 1504 4156 1632 gulden rh. Vermüg Quittung so hie
2928 1586 4760 1738 bey Idest 25 f - s - d.
2855 1816 4152 1954 Den 27. dito Zalte Ich Adamen Stöckhl
2882 1952 4163 2067 Burger. Schneidern weegen für die
2881 2053 4172 2167 Canthorey Khnaben Anno etc. 645. gemachten
2887 2148 4229 2264 Winder Klaidern das gesetzte Macher
2887 2245 4167 2362 lohn vnnd andern darzue erkhaufften
2885 2347 4131 2472 notturfften Benentlichen Siben
2867 2454 4171 2577 tzehen gulden rh. Vermüg Quittung
2882 2537 4716 2684 so hiebey Idest 17 f - s - d.
2861 2766 4157 2936 Ich Zalte auch frauen Maria Anna
2863 2917 4146 3058 Winsauerin weegen der für die
3072 3160 4238 3523 Lattus 42 f - s - d.
