4940 4039
717 629 2087 790 Den 22. dito Zalte Ich Conradten Saltzer
748 789 2008 901 Organisten Zu St. Stephann weegen
749 895 2024 1015 der Sonn. vnnd Feyrtäglichen gehalt
772 1009 2037 1114 enen Ambtern bey St. Saluator sein
792 1105 1979 1222 sambt des Callcanten auf diß Iahr
773 1203 2053 1320 verfallene halb Iahrige gebiehrnus
760 1295 2072 1430 Benentlichen Funfftzehen gulden rh.
798 1336 2441 1543 Vermüg Quittung so hiebey Idest 15 f - s - d
741 1637 2012 1836 Ebenmessig Zalte Ich gemeltem Or
742 1828 1978 1947 ganisten sein mit Michaeli diß
751 1939 2054 2053 Iahr verfallene Diennsts Bsoldung
746 2020 1982 2142 Benentlichen Siben vnnd Dreissig
789 2122 1974 2240 gulden 4. s vermüg Quittung so
796 2149 2412 2334 hiebey Idest 37 f 4. s -
705 2444 2040 2638 Den 6. October Zalte Ich Herrn Iohann
769 2625 2168 2745 Winsauer Canthorn seine mit Michaeli
774 2728 2135 2855 diß Iahr verfallene Quartal Diensts
762 2824 2041 2950 Bsoldung Benentlichen Fünff vnnd
770 2884 2413 3070 Sibentzig gulden ut Quittung Idest 75 f - s -
953 3216 2165 3547 Lattus 127 f 4 s - d.
2846 501 4164 791 Deßgleichen Zalte Ich Ihme Herrn Win
2956 775 4081 888 sauer weegen des Praeceptors die
2952 881 4039 1000 Quatemberliche Bsoldung welche
2954 988 4127 1093 angefangen hat Zu Phüngsten vnnd
2955 1084 4103 1196 sich geendet Zu Michaeli Benent
2933 1189 4123 1286 lichen Siben vnnd Dreissig gulden
2933 1198 4729 1422 4. s vermüg Quittung so hiebey Idest 37 f 4 s - d.
2875 1506 4092 1659 Den 15. dito Zalte Ich Hannßen Hein
2924 1641 4198 1768 richen Dischinger Violisten Zu St. Stephann
2933 1756 4067 1862 weegen vnderschidlich bedienter
2931 1838 4262 1959 Gottes Diennst daselbst die mit Michaeli
2940 1940 4218 2059 diß Iahr verfallene halb Iahrige Diensts
2934 2047 4170 2161 Bsoldung Benentlichen Zwaintzig
2944 2151 4120 2258 gulden rh. Vermüg Quittung so hie
2943 2167 4727 2369 bey Idest 20 f - s - d.
2914 2458 4181 2621 Den 21. dito Zalte Ich Herrn Mathiaßen
2955 2598 4057 2736 Voldtsperger des Aussern Raths
2954 2724 4068 2837 vnnd Handlßman weegen der
2942 2801 4097 2931 für die Canthorey Khnaben Zu St.
2930 2911 4120 3050 Stephann Zu Ihren Wündter vnnd
3153 3145 4250 3529 Lattus 57 f 4 s - d.
