4940 4062
628 658 2001 809 Den 22. dito Zalte Ich Herrn Winsauer
745 809 2031 919 weegen aines Zum Ersten mahl durch
731 920 2026 1032 Gema. Statt bestelten Music für aines
736 1025 2002 1136 Löbl. Statt Raths Verstorbenen Herrn
744 1119 1989 1228 Raths mit glidern Zum Ersten mahl
747 1221 1959 1319 in der Capellen ad Saluatorem nach
743 1307 2026 1421 dem Ersten fest aller glaubigen Deellen
750 1415 2009 1523 gehaltenen Requiem vnnd Lob Ambts
750 1515 2044 1637 die darumben angeschaffte Zehen gulden
757 1519 2408 1734 vermüg Quittung so hiebey Idest 10 f - s -
672 1897 2026 2033 Den lesten dito Zalte Ich gemeltem herrn
749 2020 2048 2134 Winsauer weegen Verrichter
750 2128 2031 2232 Gottes dienst in obbesagter Capellen
766 2222 2059 2339 die für darZue gewöhntliche Music auf
758 2330 1974 2443 diß Iahr verfallene halb Iährig vnnd
747 2426 1960 2538 lesten Augustii diß Iahr gebiehrundte
728 2521 2018 2629 Diensts Bsoldung Benentlichen Siben
743 2624 2046 2738 vnnd Dreissig gulden rh. 4. s vermüg
747 2611 2395 2820 Quittung so hiebey Idest 37 f 4 s -
657 2897 1969 3144 Den 22. Decemb. Zalte Ich dem Iohann
852 3306 2198 3593 Lattus 47. f 4. s - d.
2928 627 4134 777 Conradten Saltzer Organisten Zu
2922 773 4205 890 St. Stephann sein Ihme mit Quatember
2925 879 4101 987 Weinnachten verfallene Diennsts
2930 980 4018 1100 Bsoldung Benentlichen Siben
2926 1086 4189 1193 vnnd Dreyssig gulden 4. s Vermüg
2924 1122 4717 1319 Quittung so hiebey Idest 37 f 4 s - d.
2887 1389 4135 1531 Den 24. dito Zalte Ich frauen Maria
2929 1518 4070 1619 Anna Winsauerin weegen des Zu
2930 1610 4066 1713 den H. Phüngst Feyrtagen diß Iahr
2928 1704 4092 1803 für die Canthorey Khnaben hergegeb
2931 1798 4191 1899 enen Leingewandts vnnd Vberschlögen
2935 1889 4108 1988 die destweegen eingesetzte Vier Zehen
2927 1989 4123 2101 gulden 4. s. 24. d. Vermüg Auß Zigl
2932 2060 4682 2205 so hiebey Idest 14 f 4 s 24 d.
2869 2316 4078 2462 Den 29. dito Zalte Ich auch Herrn Iohann
2908 2452 4083 2556 Winsauer sein mit Quatember Wein
2921 2542 4066 2660 nachten verfallene Diensts Bsol
2922 2649 4133 2772 dung Benentlichen Fünff vnnd Siben
2921 2756 4115 2886 Zig gulden rh. Vermüg Quittung so
2906 2819 4694 3010 hiebey Idest 75 f - s - d.
2984 3177 4267 3475 Lattus 127. f - s 24 d.
