4940 4061
746 685 1975 838 Ich Zalte auch denen Musicis bey St.
725 829 1957 948 Stephann weegen des Verrichten
759 944 1999 1047 Rorate das auf diß Iahr gebierundte
779 1040 1987 1156 deputat Benentlichen Sechs gulden
786 986 2420 1253 vermüg Quittung so hiebey Idest 6 f - s - d.
735 1346 2051 1507 Den lesten dato Zalte Ich denen gesamb
775 1507 2060 1608 ten Cantoresen Zu St. Stephann die Innen
778 1608 1981 1710 auf diß Iahr durch gewöhntliche Zal
776 1704 1989 1803 lungs Täg Ihre Zuestendige Ainhun
771 1800 1979 1903 dert Drey vnnd Achtzig gulden rh.
776 1736 2408 2012 vermüg Quittung so hiebey Idest 1183 f - s- d.
764 2157 1979 2322 Auch Zalte Ich gemeltem Herrn Win
776 2324 1932 2419 sauer ebenmessig das Ienige für
779 2406 1940 2523 die Canthorey Khnaben auf diß Iahr
788 2517 1989 2629 raichendte Cast geldt Benentlichen
794 2608 1968 2727 Sechshundert Funfftzig gulden rh.
799 2599 2405 2830 vermüg Quittung so hiebey Idest 650 f - s - d.
792 2897 1875 3053 So Zalte Ich auch dem Hannßen
828 3037 2187 3172 Haißwasser Burger. Leinwathandler
1022 3262 2130 3567 Lattus 1839 f - s - d.
2995 626 4069 768 weegen der für die Canthorey
2980 766 4058 876 Khnaben so wohl Zu den Wündter
2974 871 4098 978 alß Somer Claidung hergegebenen
2969 968 4167 1075 Leinwath Zusamben Benentlichen
2947 1067 4236 1166 Sechs vnnd Dreissig gulden 2. s 12. d.
2950 1093 4718 1305 vermüg AußZigl so hiebey Idest 36 f 2 s 12 d.
2915 1382 4117 1523 Ich Zalte auch frauen Maria Anna
2918 1512 4156 1621 Winsauerin weegen denen Cantho
2962 1605 4074 1704 rey Khnaben Zu St. Stephann auf
2960 1693 4117 1806 Vergangene Phüngsten diß Iahrs
2951 1790 4178 1901 hergegebene Hemeter Vberschlög vnnd
2948 1890 4177 1998 Strimpf VierZehen gulden rh. 4. s 24 d.
2956 1949 4693 2125 Vermüg Quittung so hiebey Idest 14 f 4 s 24 d.
2897 2206 4086 2397 Den lesten dito bringe Ich hiemit in
2927 2389 4122 2497 Außgab die Ienige Herrn Iohann Win
2936 2487 4080 2590 sauer an stat des Praeceptoris mit
2936 2582 4101 2695 H. Weinachten Quatember diß Iahrs
2941 2677 4116 2793 verfallene Quartals Diennst Bsol
2945 2782 4077 2898 dung Benentlichen Siben vnnd
2912 2836 4682 3019 Dreissig gulden rh. ut Quittung Idest 37 f 4 s - d.
3118 3120 4135 3475 Lattus 73 f 6 s 12 d.
