6445 4754
2547 930 3160 1115 f. kr. d.
837 1292 2437 1471 stuckh über Iungenbrun Re
800 1479 2393 1617 partirte Quartals quota
831 1623 2408 1732 per 1. f. 20. kr. 3. d. also Vor
819 1738 2443 1865 das Lezte Quartal 753. auch
820 1867 2467 1994 erst. andert und dritte 754.
818 1957 3172 2139 Beweis 4. Quittungen 5 " 23 " -
775 2243 2351 2483 Wegen St. Margare
1379 2482 1781 2589 then
805 2630 2418 2790 Ingleichen Bezalte ich we
781 2794 2415 2928 gen des Guts St. Marga
798 2940 2425 3053 rethen an der Wienn die
816 3062 2502 3195 753.te Landtsteüer über ab
798 3204 2381 3329 zug des erkaufft erst
831 3322 2480 3457 und dritten Steüer dritls
797 3459 2466 3585 Vermög abgeänderten Rec
804 3585 2458 3759 tifications Extract in vi
2368 3663 3159 3918 5 " 23 " -
5515 1017 6192 1178 f. kr. d
3756 1260 6163 1441 dimus und Quittung 283 " 32 " 3 "
3715 1520 5418 1705 Gleichfahls bezalte ich Inhalt
3718 1697 5399 1842 anuor Sub Ꞥo. 56. bey ligend
3714 1854 5394 1993 abgeänderten Rectificati
3729 1988 5412 2128 ons Extract das Virte Quar
3738 2138 5393 2263 tal Von Häusern und zuge
3737 2235 5427 2383 hörungen pro Ꞥo. 753. samt
3730 2383 5482 2521 147 f. 21. kr. 1. d. so nach mehr
3745 2514 5395 2642 gedachten Extract bey Vor
3723 2640 5401 2777 gehenten drey Quartalien
3744 2780 5378 2921 zuwenig berechnet worden
3741 2937 6207 3062 Lauth Quittung mit 530 " 54 " 3 "
3705 3144 5417 3335 Nichtweniger bezalte ich Von
3741 3328 5402 3457 Häusern und angehörungen
3727 3442 5387 3569 die auf iedes Quartal Vermög
3716 3567 5411 3757 offt gedachten Rectifications
5277 3757 6165 3912 814 " 27 " 2 "
