6485 4794
765 802 2463 1160 Wegen des Edlsiz Lerch
1414 1124 1772 1249 feld
2634 949 3211 1158 f. kr. d.
821 1318 2466 1524 Ebenfahls Bezalte ich zu der
781 1521 2398 1660 Von denen Hochlöb. N.Ö.
831 1657 2436 1782 drey Oberen Hh. Ständten
809 1799 2437 1942 aufgestelten Verwaltung
804 1959 2447 2104 der Vorhin Vicedomischen
806 2104 2567 2239 anietzo aber Ständtischen stuckh
791 2252 2525 2386 und Gülten die 753. Iäh
817 2391 2469 2520 rige Vrbar Steüer Ver
820 2502 3243 2683 mög Quittung mit 6 " - " - "
766 2846 2510 3054 Nichtmunder Bezalte ich die
811 3057 2424 3189 auf die Häuser und zuge
824 3200 2498 3333 hörungen in Lerchfeldt
788 3347 2408 3467 quartaliter Repartirte
827 3468 2479 3589 35. f. 36. kr. 1. d. also auf
840 3604 2432 3778 das Lezte Quartal 753.
2414 3744 3248 3929 6 " - " - "
5600 952 6265 1136 f. kr. d
3834 1307 5442 1467 dan erst andert und dritte
3817 1483 6306 1621 754. Inhalt 4. Quittungen 142 " 25 " - "
3767 1739 5463 1912 Dann Bezalte ich den auf ie
3793 1915 5422 2037 des Quartall ausgeworffe
3793 2048 5351 2167 nen Dominical beytrag
3811 2181 5445 2306 per 2. f. 15. kr. 2. d. solchem
3812 2322 5516 2454 nach auf das Lezte Quartal
3828 2448 5401 2574 753. auch erst. andert und
3804 2577 5497 2715 dritte 754. lauth 4. Quit
3793 2747 6295 2869 tungen 9 " 2 " -
3789 2912 5450 3125 Wegen des Beneficii St.
3803 3134 5393 3254 Georgii und Margare
3962 3247 5296 3380 then in der Burg
3705 3405 5378 3750 Ingleichen bezalte ich die
5331 3733 6305 3872 151 " 27 " -
