6477 4796
2562 981 3187 1180 f. kr. d.
796 1300 2430 1474 Extract Repartirte 383. f.
839 1495 2383 1612 33. kr. 2. d. sohin Vor das
820 1618 2459 1751 erst andert und dritte Quar
789 1763 2459 1902 tal 754. Vermög 3. Quit
803 1830 3186 2021 tungen 1150 " 40 " 2 "
794 2108 2500 2285 Item bezalte ich auch Lauth oben
808 2286 2426 2408 Sub Ꞥo. 56. allegirten abge
793 2415 2410 2550 änderten Rectifications
800 2552 2448 2677 Extract den auf iedes Quar
792 2678 2475 2795 tal ausgeworffenen Domini
806 2806 2429 2918 cal beytrag und zwar Vor
815 2925 2486 3047 das Lezte Quartal 753. dann
825 3053 2483 3182 erst andert und drite 754.
811 3150 3158 3326 Lauth 4. Quittungen mit 1459 " 47 " -
752 3398 2473 3575 Ferers bezalte ich nach aus
760 3574 2476 3714 weiß des öffters berührt
795 3695 2441 3850 abgeänderten Rectifications
2398 3763 3198 4003 2610 " 27 " 2 "
5457 916 6241 1120 f. kr. d.
3782 1238 5432 1429 Extract das Virte Quartal
3803 1452 5319 1573 pro 753. Von überländt
3790 1581 5378 1691 Grundtstuckhen nebst 3. f.
3778 1682 5495 1820 37. kr. 2. d. so Neü Rectifi
3773 1837 5393 1959 cirter massen bey dem
3787 1968 5361 2087 erst andert und dritten
3782 2104 5464 2223 Quartal 753. nachzutragen
3786 2226 6222 2355 komen beweiß Quittung 53 " 30 " 3 "
3775 2428 5433 2602 Item bezalte ich Von denen
3784 2600 5411 2739 überländt Grundtstuckhen
3792 2744 5395 2876 die auf iedes Quartal Re
3766 2885 5431 3019 partierte 49. f. 53. kr. 1. d.
3780 3022 5411 3148 also Vor das erst andert
3795 3153 5344 3288 und dritte Quartal 754.
3777 3293 5378 3426 Inhalt 3. Quittungen zu
3745 3429 6216 3600 samen mit 149 " 39 " 3 "
5313 3612 6250 3729 203 " 10 " 2 "
