6480 4744
2480 911 3166 1140 f. kr. d.
761 1301 2441 1471 Einnehmer ambt die pro Anno
857 1462 2459 1593 753. augeschribene Landt Steüer
804 1595 2433 1714 über abzug des erkaufften
796 1710 2545 1842 erst und driten Steüer dritls
793 1770 3209 1971 Vermög Quittung 48 " 10 " -
813 2077 2425 2258 Ingleichen bezalte ich Vor
808 2257 2457 2396 das Lezte Quartal 753. wegen
804 2389 2480 2535 denen in der Ioseph Stadt be
793 2546 2446 2659 fündlichen Häusern und zuge
774 2602 3150 2811 hör Inhalt Quittung 855 " 45 " -
822 2908 2424 3046 Notandum zumahlen aber
826 3043 2501 3183 die Löb. N.Ö. Landtschaffts Buch
843 3184 2465 3319 halterey obiges Quartall in
841 3320 2418 3437 dem heraus gegebenen
799 3436 2454 3598 Extract der Rectification
2305 3563 3214 3849 903 " 55 " - "
5575 933 6232 1144 f. kr. d.
3817 1265 5415 1417 nach umb 4. kr. 2. d. zuwenig
3776 1430 5433 1567 angerechnet alß werden er
3778 1574 5413 1710 melte 4. kr. 2 d. künfftig an
3794 1719 5368 1832 nach nachzutragen komen
3801 1833 5396 1965 Bey dem 3.ten Quartall 755.
3789 2024 5485 2179 Nichtmündter bezalte ich auch
3784 2187 5396 2308 wegen deren Häusern und
3779 2308 5392 2430 zugehör die Quartaliter
3800 2432 5452 2568 Repartierte 855. f. 49. kr. 2. d.
3778 2564 5456 2689 auf das erst. andert. und drite
3759 2701 5428 2858 Quartall 754. lauth 3. Quittun
3728 2823 6225 3016 gen mit 2567 " 28 " 2 "
3701 3103 5408 3373 Weiters bezalte ich dem Von
3762 3355 5364 3509 dem Dominicale anstatt
3785 3523 5429 3702 der Vorhiningen Gült ge
5342 3666 6260 3886 2567 " 28 " 2 "
