6490 4763
2468 996 3229 1224 f. kr. d.
815 1337 2517 1500 753. Iährige Landtsteüer
855 1480 3218 1644 beweiß Quittung mit 7 " 37 " 2 "
829 1718 2476 1896 Gleichfahls den auf gedach
785 1891 2507 2021 tes Beneficium Quartali
790 2028 2536 2143 ter Repartirten Dominical
811 2158 2521 2281 beytrag per 32. kr. ¼. d. also
797 2272 2508 2393 auf das erst. andert dritt
826 2406 2476 2529 und Virte Quartal 754. Ver
843 2478 3206 2679 mög Quittung 2 " 8 " 1 "
787 2783 2434 3061 Wegen des Erzbischöff
1017 3048 2392 3174 lichen Grundtbü
1350 3182 1795 3282 chel
738 3336 2442 3568 Ebenfahls bezalte ich wegen
748 3540 2428 3747 gedachten grundtbüchl die
2396 3630 3206 3909 9 " 45 " 3 "
5579 1027 6279 1230 f. kr. d.
3814 1260 5448 1439 auf die unterthänige häu
3792 1455 5449 1584 ser und zugehör Quartali
3782 1598 5464 1719 ter ausgeworffene 3. f.
3821 1720 5453 1854 5. kr. 3. d. also auf das Lez
3815 1868 5452 1988 te Quartal 753. dan erst
3802 1996 5408 2116 andert und dritte 754. In
3789 2137 6304 2270 halt 4. Quittungen 12 " 23 " - "
3782 2330 5467 2492 Item bezalte ich dem auf
3788 2493 5439 2627 iedes Quartal Repartirten
3784 2644 5450 2768 Dominical Beytrag per 4. f.
3811 2780 5384 2884 38. kr. 2. d. mit hin auf
3810 2895 5358 3012 das Lezte Quartal 753.
3789 3013 5456 3153 auch erst andert und drites
3799 3147 6280 3280 754. Lauth 4. Quittungen 18 " 34 " -
3560 3415 5522 3725 Weiters zalte ich die auf
5306 3756 6275 3924 30 " 57 " -
