<?xml version="1.0" encoding="UTF-8" standalone="yes"?>
<PcGts xmlns="http://schema.primaresearch.org/PAGE/gts/pagecontent/2013-07-15">
    <Metadata>
        <Creator>prov=READ-COOP:name=PyLaia@TranskribusPlatform:version=2.27.0:model_id=377405:lm=provided:date=30_07_2025_09:00</Creator>
        <Created>2025-07-22T10:35:18.336+02:00</Created>
        <LastChange>2025-08-28T12:58:37.645+02:00</LastChange>
        <TranskribusMetadata docId="9680298" pageId="100638861" pageNr="197" status="GT" userId="261754" imgUrl="https://files.transkribus.eu/Get?id=OSHGIZKURVOMGFQUYOFFOEPM&amp;fileType=view" imageId="84447341"/>
    </Metadata>
    <Page imageFilename="100638861.tif" imageWidth="6492" imageHeight="4761">
        <TextRegion id="region_164924761" custom="readingOrder {index:0;}">
            <Coords points="0,0 3246,0 3246,4761 0,4761"/>
            <TextLine id="tl_1753344067" custom="readingOrder {index:0;}">
                <Coords points="3201,864 3191,855 3170,853 3118,858 3003,859 2956,863 2883,891 2811,934 2756,960 2697,978 2616,998 2574,1011 2543,1025 2533,1032 2521,1036 2496,1056 2492,1063 2490,1080 2497,1090 2526,1092 2576,1084 2627,1083 2775,1068 2884,1068 2914,1073 3102,1079 3143,1073 3169,1063 3176,1049 3181,1028 3198,995 3201,977"/>
                <Baseline points="2490,1030 3201,1030"/>
                <TextEquiv>
                    <Unicode>f. kr. d.</Unicode>
                </TextEquiv>
            </TextLine>
            <TextLine id="tl_1753344055" custom="readingOrder {index:1;}">
                <Coords points="2388,1405 2383,1388 2342,1377 2320,1364 2263,1344 2230,1339 2205,1326 2122,1311 1702,1290 1054,1304 943,1312 879,1327 861,1353 819,1372 815,1384 815,1466 834,1472 2380,1459 2387,1453"/>
                <Baseline points="815,1416 2388,1416"/>
                <TextEquiv>
                    <Unicode>bühr Quartaliter ausge</Unicode>
                </TextEquiv>
            </TextLine>
            <TextLine id="tl_1753344065" custom="readingOrder {index:2;}">
                <Coords points="806,1479 2476,1479 2476,1617 806,1617"/>
                <Baseline points="806,1581 2476,1581"/>
                <TextEquiv>
                    <Unicode>worffenen Betrag per 333. f.</Unicode>
                </TextEquiv>
            </TextLine>
            <TextLine id="tl_1753344058" custom="readingOrder {index:3;}">
                <Coords points="825,1628 2425,1628 2425,1747 825,1747"/>
                <Baseline points="825,1715 2425,1715"/>
                <TextEquiv>
                    <Unicode>1. kr. 2. d. auf das Vierte</Unicode>
                </TextEquiv>
            </TextLine>
            <TextLine id="tl_1753344066" custom="readingOrder {index:4;}">
                <Coords points="812,1766 2385,1766 2385,1901 812,1901"/>
                <Baseline points="812,1865 2385,1865"/>
                <TextEquiv>
                    <Unicode>Quartall 753. dann erst</Unicode>
                </TextEquiv>
            </TextLine>
            <TextLine id="tl_1753344047" custom="readingOrder {index:5;}">
                <Coords points="2453,1944 2450,1926 2430,1912 2315,1899 1763,1900 1011,1932 900,1945 838,1967 823,1978 820,2026 824,2044 1980,2045 2340,2040 2388,2035 2444,2015 2452,2001"/>
                <Baseline points="820,2007 2453,2007"/>
                <TextEquiv>
                    <Unicode>andert und dritte Quartall</Unicode>
                </TextEquiv>
            </TextLine>
            <TextLine id="tl_1753344046" custom="readingOrder {index:6;}">
                <Coords points="838,2051 2395,2051 2395,2178 838,2178"/>
                <Baseline points="838,2144 2395,2144"/>
                <TextEquiv>
                    <Unicode>754. zusamben beweiß 4.</Unicode>
                </TextEquiv>
            </TextLine>
            <TextLine id="tl_1753344042" custom="readingOrder {index:7;}">
                <Coords points="3204,2131 3198,2112 3184,2102 3072,2093 2240,2194 890,2197 858,2209 848,2298 853,2311 1501,2294 1851,2270 2479,2280 2751,2276 2924,2260 3101,2230 3179,2206 3201,2193"/>
                <Baseline points="852,2243 3204,2243"/>
                <TextEquiv>
                    <Unicode>Quittungen mit 1332 " 6 " -</Unicode>
                </TextEquiv>
            </TextLine>
            <TextLine id="tl_1753344038" custom="readingOrder {index:8;}">
                <Coords points="2414,2415 2405,2403 2364,2394 2216,2388 1916,2398 1741,2397 1561,2409 1274,2403 1118,2416 1053,2434 997,2457 976,2482 941,2498 934,2515 934,2572 940,2582 957,2588 1048,2598 1364,2607 1940,2608 2305,2593 2389,2580 2412,2568"/>
                <Baseline points="934,2553 2414,2553"/>
                <TextEquiv>
                    <Unicode>Wegen hungenbrun</Unicode>
                </TextEquiv>
            </TextLine>
            <TextLine id="tl_1753344040" custom="readingOrder {index:9;}">
                <Coords points="2444,2779 2434,2767 2378,2750 2061,2724 1497,2749 1382,2749 1096,2730 961,2732 892,2739 863,2758 826,2766 800,2793 766,2801 757,2818 757,2895 767,2903 1300,2905 1735,2892 2401,2883 2446,2874"/>
                <Baseline points="757,2859 2446,2859"/>
                <TextEquiv>
                    <Unicode>Desgleichen bezalte ich we</Unicode>
                </TextEquiv>
            </TextLine>
            <TextLine id="tl_1753344062" custom="readingOrder {index:10;}">
                <Coords points="2442,2946 2437,2929 2421,2914 2364,2908 1829,2906 1422,2915 1289,2926 880,2974 821,2989 816,2995 814,3032 821,3047 1679,3049 2416,3032 2440,3022"/>
                <Baseline points="814,3011 2442,3011"/>
                <TextEquiv>
                    <Unicode>gen Hungenbrun die pro</Unicode>
                </TextEquiv>
            </TextLine>
            <TextLine id="tl_1753344054" custom="readingOrder {index:11;}">
                <Coords points="2535,3057 2528,3044 2508,3039 2319,3039 1364,3058 950,3073 837,3092 830,3104 830,3149 835,3178 875,3181 1779,3180 2447,3167 2477,3158 2504,3131 2517,3125 2532,3095"/>
                <Baseline points="830,3144 2535,3144"/>
                <TextEquiv>
                    <Unicode>753. ausgeschribene Landt</Unicode>
                </TextEquiv>
            </TextLine>
            <TextLine id="tl_1753344051" custom="readingOrder {index:12;}">
                <Coords points="3232,3167 3229,3137 3086,3159 3003,3172 2828,3182 2584,3221 2416,3215 2331,3200 2158,3185 1038,3197 857,3222 842,3235 839,3296 845,3314 895,3317 2256,3314 2772,3280 2828,3268 3031,3250 3116,3235 3141,3209"/>
                <Baseline points="839,3276 3194,3276"/>
                <TextEquiv>
                    <Unicode>steüer lauth Quittung 3 " - " -</Unicode>
                </TextEquiv>
            </TextLine>
            <TextLine id="tl_1753344063" custom="readingOrder {index:13;}">
                <Coords points="846,3670 863,3682 923,3674 962,3655 1089,3636 1355,3650 1493,3634 1654,3631 1810,3636 1981,3620 2300,3626 2430,3621 2455,3609 2478,3572 2515,3536 2523,3509 2523,3444 2516,3433 2495,3426 1796,3411 1707,3417 1507,3447 1414,3450 1313,3437 1161,3396 913,3397 875,3410 833,3433 822,3446 812,3625 828,3656"/>
                <Baseline points="769,3630 2523,3630"/>
                <TextEquiv>
                    <Unicode>Ferrers zalte ich die auf</Unicode>
                </TextEquiv>
            </TextLine>
            <TextLine id="line_1753346697368_2009" custom="readingOrder {index:14;}">
                <Coords points="2402,3675 2492,3656 2636,3641 2766,3637 2891,3625 3009,3604 3083,3585 3157,3574 3206,3576 3217,3587 3221,3599 3223,3646 3219,3668 3193,3683 3175,3702 3155,3708 3135,3722 3090,3741 2924,3783 2844,3796 2790,3799 2592,3823 2516,3836 2402,3865"/>
                <Baseline points="2402,3796 3223,3796"/>
                <TextEquiv>
                    <Unicode>1335 " 6 " -</Unicode>
                </TextEquiv>
            </TextLine>
            <TextEquiv>
                <Unicode></Unicode>
            </TextEquiv>
        </TextRegion>
        <TextRegion id="region_264924761" custom="readingOrder {index:1;}">
            <Coords points="3246,0 6492,0 6492,4761 3246,4761"/>
            <TextLine id="tl_1753344048" custom="readingOrder {index:0;}">
                <Coords points="6241,912 6236,906 6217,900 6135,901 6061,883 5972,884 5875,896 5804,915 5734,940 5632,967 5605,982 5598,997 5587,1007 5583,1014 5583,1033 5589,1037 5615,1044 5685,1046 5833,1045 6006,1059 6067,1071 6214,1071 6221,1069 6226,1049 6236,1036 6242,1022"/>
                <Baseline points="5583,1024 6242,1024"/>
                <TextEquiv>
                    <Unicode>f. kr. d.</Unicode>
                </TextEquiv>
            </TextLine>
            <TextLine id="tl_1753344045" custom="readingOrder {index:1;}">
                <Coords points="3827,1234 5467,1234 5467,1402 3827,1402"/>
                <Baseline points="3827,1360 5467,1360"/>
                <TextEquiv>
                    <Unicode>die Häuser und zugehör Quar</Unicode>
                </TextEquiv>
            </TextLine>
            <TextLine id="tl_1753344043" custom="readingOrder {index:2;}">
                <Coords points="3802,1423 5476,1423 5476,1565 3802,1565"/>
                <Baseline points="3802,1528 5476,1528"/>
                <TextEquiv>
                    <Unicode>taliter Repartirte 45 f. 54 kr.</Unicode>
                </TextEquiv>
            </TextLine>
            <TextLine id="tl_1753344044" custom="readingOrder {index:3;}">
                <Coords points="5424,1632 5418,1614 5421,1581 5401,1573 4657,1578 4301,1596 3884,1608 3825,1618 3817,1624 3816,1690 3823,1699 5180,1701 5345,1696 5419,1690 5424,1685"/>
                <Baseline points="3816,1669 5424,1669"/>
                <TextEquiv>
                    <Unicode>1. d. also auf das Lezte Quar</Unicode>
                </TextEquiv>
            </TextLine>
            <TextLine id="tl_1753344061" custom="readingOrder {index:4;}">
                <Coords points="3787,1711 5439,1711 5439,1838 3787,1838"/>
                <Baseline points="3787,1804 5439,1804"/>
                <TextEquiv>
                    <Unicode>tall 753. dann erst andert</Unicode>
                </TextEquiv>
            </TextLine>
            <TextLine id="tl_1753344049" custom="readingOrder {index:5;}">
                <Coords points="3805,1849 5388,1849 5388,1982 3805,1982"/>
                <Baseline points="3805,1948 5388,1948"/>
                <TextEquiv>
                    <Unicode>und dritte 754. Inhalt 4.</Unicode>
                </TextEquiv>
            </TextLine>
            <TextLine id="tl_1753344050" custom="readingOrder {index:6;}">
                <Coords points="6319,2067 6270,2036 6203,2021 6172,2002 5978,1986 5651,1991 4945,2020 3929,2001 3825,2010 3811,2025 3816,2100 3921,2107 4461,2103 4851,2087 5527,2106 6179,2107 6272,2098 6318,2097"/>
                <Baseline points="3811,2076 6281,2076"/>
                <TextEquiv>
                    <Unicode>Quittungen 183 " 37 " -</Unicode>
                </TextEquiv>
            </TextLine>
            <TextLine id="tl_1753344041" custom="readingOrder {index:7;}">
                <Coords points="5393,2223 5385,2200 5331,2186 5009,2173 4779,2174 4326,2194 4017,2192 3961,2198 3907,2217 3892,2226 3878,2250 3839,2263 3832,2282 3832,2336 3846,2349 3906,2352 4730,2352 5057,2344 5312,2331 5380,2324 5393,2316"/>
                <Baseline points="3832,2305 5393,2305"/>
                <TextEquiv>
                    <Unicode>Ingleichen bezalte ich den</Unicode>
                </TextEquiv>
            </TextLine>
            <TextLine id="tl_1753344056" custom="readingOrder {index:8;}">
                <Coords points="5425,2426 5420,2394 5383,2380 5362,2357 5338,2352 4831,2354 4380,2364 3864,2385 3801,2407 3797,2467 3800,2480 5152,2481 5308,2476 5416,2466 5424,2460"/>
                <Baseline points="3797,2448 5425,2448"/>
                <TextEquiv>
                    <Unicode>Quartaliter Repartirten</Unicode>
                </TextEquiv>
            </TextLine>
            <TextLine id="tl_1753344064" custom="readingOrder {index:9;}">
                <Coords points="5410,2546 5399,2534 5334,2524 4984,2503 4591,2502 4265,2511 3873,2508 3802,2517 3796,2529 3796,2568 3801,2601 3835,2610 4991,2608 5198,2602 5393,2587 5409,2580"/>
                <Baseline points="3796,2583 5410,2583"/>
                <TextEquiv>
                    <Unicode>Dominical Beytrag per</Unicode>
                </TextEquiv>
            </TextLine>
            <TextLine id="tl_1753344059" custom="readingOrder {index:10;}">
                <Coords points="5456,2615 5449,2607 5431,2604 5018,2606 4543,2619 4139,2638 3935,2652 3836,2665 3826,2672 3827,2718 3835,2724 3881,2729 4887,2729 5373,2720 5438,2715 5454,2707"/>
                <Baseline points="3826,2697 5456,2697"/>
                <TextEquiv>
                    <Unicode>6 f. 18. kr. 1. d. auf das Lez</Unicode>
                </TextEquiv>
            </TextLine>
            <TextLine id="tl_1753344060" custom="readingOrder {index:11;}">
                <Coords points="3809,2737 5459,2737 5459,2857 3809,2857"/>
                <Baseline points="3809,2827 5459,2827"/>
                <TextEquiv>
                    <Unicode>te Quartal 753. dann erst</Unicode>
                </TextEquiv>
            </TextLine>
            <TextLine id="tl_1753344057" custom="readingOrder {index:12;}">
                <Coords points="3810,2862 5450,2862 5450,2996 3810,2996"/>
                <Baseline points="3810,2961 5450,2961"/>
                <TextEquiv>
                    <Unicode>andert und dritte 754. Ver</Unicode>
                </TextEquiv>
            </TextLine>
            <TextLine id="tl_1753344052" custom="readingOrder {index:13;}">
                <Coords points="6255,3061 6248,3041 6146,3015 6042,3004 4333,3010 4009,3022 3893,3034 3799,3069 3795,3136 3803,3147 4570,3149 5166,3119 6162,3121 6246,3113 6254,3104"/>
                <Baseline points="3795,3112 6255,3112"/>
                <TextEquiv>
                    <Unicode>mög 4. Quittungen 25 " 3 " -</Unicode>
                </TextEquiv>
            </TextLine>
            <TextLine id="tl_1753344037" custom="readingOrder {index:14;}">
                <Coords points="3763,3513 3785,3521 4144,3520 4921,3492 5371,3464 5434,3451 5435,3323 5428,3314 5406,3310 5044,3310 4854,3329 4634,3361 4405,3363 4322,3350 4285,3332 4253,3325 4241,3314 4231,3287 4213,3277 4156,3266 4070,3267 4010,3275 3952,3293 3922,3315 3891,3323 3871,3350 3833,3360 3809,3400 3775,3415 3768,3424"/>
                <Baseline points="3763,3455 5435,3455"/>
                <TextEquiv>
                    <Unicode>Nichtmünder Bezalte ich die</Unicode>
                </TextEquiv>
            </TextLine>
            <TextLine id="tl_1753344039" custom="readingOrder {index:15;}">
                <Coords points="5449,3500 5441,3488 5421,3485 5066,3486 4662,3495 4099,3521 3962,3536 3886,3555 3867,3573 3830,3591 3825,3652 3833,3666 3854,3673 4042,3675 4137,3667 4318,3662 4936,3660 5405,3639 5437,3632 5448,3620"/>
                <Baseline points="3825,3626 5449,3626"/>
                <TextEquiv>
                    <Unicode>auf die überländt Grundt</Unicode>
                </TextEquiv>
            </TextLine>
            <TextLine id="line_1753346721853_2040" custom="readingOrder {index:16;}">
                <Coords points="5358,3721 6267,3715 6267,3831 5358,3837"/>
                <TextEquiv>
                    <Unicode>208 " 50 " -</Unicode>
                </TextEquiv>
            </TextLine>
            <TextEquiv>
                <Unicode></Unicode>
            </TextEquiv>
        </TextRegion>
    </Page>
</PcGts>
