6452 4760
2504 962 3183 1191 f. kr. d.
861 1296 2430 1500 dritte 754. Lauth 4. Quit
839 1467 3232 1637 tungen 63 " 52 " -
835 1734 2360 1923 Wegen St. Theobald
786 1950 2439 2122 Ebenfahls bezalte ich die
794 2095 2497 2234 auf die unterthänige häu
776 2236 2474 2357 ser und zugehör Quarta
812 2361 2514 2487 liter Repartirte 246 f. 4 kr.
839 2500 2453 2602 2. d. also Vor das Lezte
801 2610 2488 2746 Quartal 753. dann erst
798 2747 2484 2869 andert und dritte 754. Ver
805 2833 3225 3019 mög 4. Quittungen 987 " 18 " -
792 3111 2466 3280 Dann bezalte ich den auf
835 3287 2504 3417 iedes Quartall ausgeworf
802 3428 2475 3552 fenen Dominical beytrag
788 3558 2463 3679 per 25. f. 32. kr. 2. d. mithin
755 3666 2436 3848 Vor das Lezte Quartall 753.
2398 3778 3201 4023 1048 " 10 " -
5306 926 6211 1141 f. kr. d.
3804 1282 5471 1463 dann erst andert und dritte
3822 1471 6266 1632 754. gegen 4. Quittungen 102 " 10 " -
3795 1993 5332 2238 Summa Außgaab auf die
3889 2234 4969 2370 Landts anlaagen
3978 2469 5355 2744 10076. f. 16. kr. 3. d.
