6447 4773
2363 768 3203 1036 f. kr. d.
803 1291 2576 1470 die überhändt Grundtstuckh
811 1482 2431 1605 Quartaliter ausgeworffe
817 1617 2443 1737 ne 2. f. 51. kr. also auf das
813 1745 2486 1881 Lezte Quartall 753. dan erst
773 1883 2456 2019 andert und drittes 754. Ver
813 1979 3226 2147 mög 4. Quittungen 11 " 24 " -
781 2233 2406 2424 Wegen des St. Nicolai
1126 2420 2170 2555 Grundtbüchl
781 2647 2463 2817 Gleicher gestalten be
877 2814 2432 2970 zalte ich die denen häu
798 2955 2502 3074 sern und zugehör gedach
760 3075 2507 3202 ten Grundtbüchl auf iedes
803 3206 2524 3339 Quartal zugetheilte 16. f.
840 3349 2488 3460 23. kr. 1. d. also auf das
835 3465 2441 3597 Lezte Quartal 753. dann
884 3609 2457 3774 erst andert und drittes
2425 3702 3202 3923 11 " 24 " -
5409 933 6220 1140 f. kr. d.
3818 1265 5406 1456 754. Vermög 4. Quittun
3774 1440 6277 1600 gen mit 65 " 33 " -
3722 1673 5387 1866 Nichtweniger bezalte ich den
3755 1876 5419 2004 Quartaliter ausgeworf
3762 2007 5379 2140 fenen Dominical Beytrag
3761 2148 5382 2268 per 30. kr. 2. d. mithin Vor
3773 2276 5416 2406 das Lezte Quartal 753. dann
3794 2417 5476 2536 erst andert und drittes 754
3764 2540 6216 2674 Inhalt 4. Quittungen 2 " 2 " -
3759 2740 5381 2907 Ingleichen bezalte ich die
3734 2910 5487 3067 Von denen überländt grundt
3756 3058 5393 3214 stuckhen iedes Quartall an
3708 3204 5378 3351 gerechnete 15 f. 58. kr.
3707 3342 5475 3495 also Vor das Lezte Quartal
3731 3493 5418 3650 753. auch erst andert und
5343 3677 6262 3856 67 " 35 " -
