5237 3705
880 1562 1902 1691 Sum des ausgebenns der Soldner So Zu
913 1676 2045 1808 Haynburg gedint habenn ccc xl γ iiii s viii d
3238 345 4620 593 Ain annder ausgeben auf
3311 588 4587 756 den Pudmer als der in der
3304 749 4467 873 Stat notdurft mit iiii pherden gedint hat
3221 921 4426 1037 Hannsen pudmer ain wochen auf iiii pherd
3283 1009 4906 1136 seinen Sold auf yeds i γ d vt quittung ꞩ iiii γ d
3220 1164 4318 1281 Aber demselben Pudmer x wochen seinen
3295 1263 4314 1354 Sold die sich an Suntag vor vrbani
3319 1341 4306 1429 angeuenngt vnd an Suntag nach
3313 1418 4320 1515 Sannd Iacobs tag geenndet habennd
3319 1501 4290 1608 auf iiii pherd auf yeds wöchenlich
3325 1573 4916 1702 i γ d vt quittung xl γ d
3247 1776 4421 1895 Aber dem pudmer selbZehennten Zefuessen
3341 1879 4369 1974 xiiii tag seinen Sold als man In dem
3324 1956 4370 2063 Bisschouen Zu passaw gen Swabdorf
3338 2035 4438 2152 gelihen hat yedem wöchennlich iiii s d
3328 2145 4861 2254 vt quittung ꞩ x γ d
3502 2502 4074 2634 Latus liiii γ d
