5212 3637
825 405 2012 584 Hannsen Pudmer Rotmaister vnd seinen mitgeselln
892 575 2017 663 Irn Sold Zu beschuttung des Markchts Berch
902 656 1962 745 toldstorf als er gewunnen ist gewesen ain
904 734 1989 844 wochen auf C xlviii Fusknecht Yedem per iiii s
900 812 2483 933 xv d vt quittung ꞩ lxxxiii γ lx d
826 1003 1998 1132 Aus den egenannten Soldnern sind vnnserm
878 1119 1977 1210 genedigisten herren dem Romischen Kaiser etc
884 1199 2018 1289 Zugeraidt iiii c knecht Zefuessen auf seiner Kaiser
904 1278 1978 1370 lichen gnaden beuelchen vnd Geschefftbrief als
899 1355 1966 1441 das vor bey annderm ausgeben so man seinenn
898 1431 1975 1532 Kaiserlichen gnaden gen hof verraidt nemlichen
897 1530 1330 1617 geschribenn vindet
3232 1552 4193 1669 Suma des ausgebenns auf die Soldner
3239 1670 4174 1761 Ze Rossen vnd Zefuessen Zusambt dem
3255 1746 4219 1834 Schaden so vor Berchtoltztorf im Veld
3257 1817 4429 1934 gedint haben ꞩ M vii c lxxiiii γ iii s xxvi d
