5235 3657
795 495 1943 636 Thomann Knabennhueber Rotmaister hat
910 621 1941 711 gedient mit xiiii knechten iiii wochenn
932 696 2008 793 die sich an Mitichen mit Sannd Kathrein
929 778 2040 879 tag angeuenngt vnd an Mitichen Weich
928 847 2044 960 nachttag geenndet habenn Yedem wochen
923 940 2008 1050 lichen Zu Sold iiii s d Bringt in Suma
894 1051 2469 1156 vt quittung xxviii γ d
853 1258 2002 1394 So ist an dem vas wein So von dem Wilds
926 1386 1996 1476 fewr genomen ist verlorn das Vastzieher
934 1468 1986 1556 lon aus dem Keller auf den wagen vnd
930 1547 2048 1644 in das Schef Zetziehen vnd Zu dem Scheff
917 1635 2381 1766 gen Erdpurg Zefurn allerding xii s d
828 1802 1965 1916 An dem Vas wein So den Soldnern gen
935 1903 1977 1999 Haynburg geschikcht vnd von dem Has
941 1990 1942 2086 hart genomen ist auch verorn aller
941 2085 2409 2214 ding vt supra xii s d
819 2221 2051 2328 Von den Zwain vassen hinab auf dem was
917 2324 2461 2443 ser Zefurn dem Schefmann seinen lon vi s d
886 2432 1977 2544 Zu Haynburg aus dem Scheff auf den
942 2537 1981 2630 wagen Zetziehen wider abtzelegen Zu
962 2617 2451 2738 sambt der fur vnd huterlon vi s xiiii d
1158 2850 1914 2968 Latus xxxii γ iiii s xiiii d
3162 451 4277 592 An den ersten ii γ Kueffel Saltz ist
3285 564 4328 656 verlorn das Scheflon als man es hinab
3273 651 4326 769 gen haynburg den Soldnern gesandt
3312 755 4750 847 hat i γ d
3198 915 4346 1035 So ist Zu dem anndern mal an iiii drei
3283 1013 4365 1108 ling Saltz von hern Conraden Holtzler
3281 1095 4356 1207 genomen den Soldnern hinab geschikt
3331 1223 4795 1338 verlorn ii γ d
3233 1341 4864 1555 das Nawsergenlon i γ d
3179 1557 4301 1693 So ist das Schef darauf die Soldner
3301 1663 4332 1778 hinab gefarn sind mit dem Saltz vmb
3319 1755 4318 1871 xv s d gekaufft vnd gegeben per
3320 1859 4859 1977 x s d Also ist verlorn v s d
3530 2339 4175 2483 Latus iiii γ v s d
