5085 3575
730 388 1955 532 Innemen vom werd gegen dem Rotnn
784 513 1104 588 turm vber
738 610 2051 702 an freitag vor Anthoni Eingenomen vom Ambt
744 693 2459 787 man Holtzgelt auf der Gemain i γ v s xvi d
741 777 2082 873 an Eritag Vallenntini Eingenomen vom Ambt
750 861 2460 965 man Holtzgelt auf der Gemain vi s d
731 944 2019 1038 an Monntag nach Iudica in der vasstn Einge
743 1034 2029 1134 nomen von dem Ambtman Holtzgelt auf der
749 1088 2473 1218 Gmain iiii s d
746 1142 1963 1270 an Suntag vor sannd Thomanstat hab
752 1263 2010 1354 ich Eingenomen von dem Ambtman Holtz
762 1317 2482 1453 gellt auf der gmain ii γ iii s d
1081 1745 1639 1881 Latus v γ Lxxvi d
741 2216 2099 2363 Innemen Malphennig von hausgenossn
784 2327 1320 2448 daselbs Im werdt
3074 396 4225 536 Innemen von der Maut Zu Stadlau
3060 534 4219 623 an dem Newen Iarstag Eingenomen vonn
3066 619 4197 720 der Mautt auf der Slachprugknn vber
3083 640 4716 774 seinen Solde iiii γ xxi d
3060 750 4232 861 an Suntag nach Valentini Eingenomen
3084 873 4215 959 vonn der Mautt auf der Slachprugkhnn
3077 901 4768 1024 vber seinen Solde ii γ iiii s xij̸ d
3046 1014 4224 1105 an Suntag vor Anthoni Eingenomenn
3063 1104 4301 1212 von der Mautt auf der Slachprugknn vber
3081 1151 4759 1289 seinen Solde iii γ i d
3058 1250 4254 1370 an Suntag nach Vintzenci vber geannt
3079 1365 4245 1447 wurt die Stadlaw Mautt auf der Slach
3075 1443 4291 1524 prugken nach beuelich Burgermaister vnd
3061 1519 4337 1609 Rat auf der Stat Mauthaws vnnd die wochen
3094 1592 3638 1683 nichts Eingenomen
3044 2047 4285 2231 Innemen von dem Vischwasser Vnnder
3088 2221 4270 2300 halb der prugknn mit sambt der Aw So
3083 2292 4329 2382 gemaine Stat von den Eytzingern von Kaden
3109 2364 3570 2470 berg kauft hat
3089 2494 4297 2600 an Sambstag nach sannd Iacobstag hab
3090 2592 4298 2674 ich Eingenomen von Wolfganngen purgl
3084 2659 4732 2819 vischer an dem bestannd des vischwasser i γ d
3325 3036 4193 3201 Latus x γ v s iii d i ob
