5149 3604
916 396 2083 557 Innemen von dem verkaufftn Kalich
922 573 2130 708 den puchssnnschutzn habe ich geben
914 691 2567 839 funf Mutl Kalichs i per xxvi d ꞩ iiii s x d
925 811 2135 947 hern Pangretznn Kembnater vir Muttl
930 921 2563 1064 Kalich i per xxiiii d ꞩ iii s vi d
1240 1147 1808 1288 Latus vii s xvi d
903 1330 2130 1494 Innemen von den gewannt vnd Kursner
941 1456 1414 1553 huttnn Am hof
1174 1567 1741 1732 Astensionis
1354 1748 1685 1879 Katherine
899 2026 2096 2221 Innemen von den Lauffunden pherdn
1201 2198 1790 2404 Astensionis
1368 2448 1746 2576 Katherine
3100 381 4273 520 Innemen von allerlay der Stat Zins
3112 522 4342 599 vnnd diennstn geburet alles obuerschribn
3115 589 4138 693 dem vnndern Camrer Zuhanndln
3068 891 4040 1027 Innemen von dem Fueterrecht
3104 1009 4718 1119 dem Peter Schachner viii γ d
3102 1115 4715 1207 Anndre Felds halbm viii γ d
3093 1188 4724 1304 Hanns vom Annger viii γ d
3023 1655 4275 1791 Innemen von der Hengl weiner recht
3128 1787 4709 1886 wolfganng Metz pranntweiner ii γ d
3127 1880 4328 1988 Sigmund hochenwarter dt an dem hengl
3138 1938 4703 2031 weiner recht ii γ d
3134 2031 4701 2149 Mert Strobl dt an dem henglweiner recht ii γ d
3141 2121 4699 2216 Colman Zeindl ii γ d
3140 2199 4706 2306 Michel Wietl ii γ d
3092 2544 4356 2749 Innemen von der Kursnermaisterschaft
3155 2902 3976 3133 Latus xxxiiii γ d
