4697 3933
770 639 1923 745 in abschlag Gem. Statt Zu denen
746 747 1953 840 Von dem Löbl. Gesambten N.Ö. Landt
713 844 1943 939 stendten aufs Verwichen 1667 te Iahr
732 943 1940 1039 dem Kay. hoff Zur Freyen dispo
726 1039 1875 1126 sition gehorsamblich bewilligten
737 1128 1999 1225 150 f. Zuegetragen schuldigen funff
713 1220 1914 1313 Zehentausent gulden benentl. Vier
689 1315 1927 1411 Tausent Neünhundert Vnd Fünff
716 1410 1864 1523 tzig Gulden Vermög quitt. hiebei
1597 1501 2301 1630 Idest 4950 f.
690 1674 1936 1823 Den 6. 9br. Zahlt ich Vor hochgedachten
713 1825 1923 1919 herrn herrn Franz Graun Von herber
696 1922 1926 2009 stain etc OberComissario im Viertl Vnter
708 2010 1925 2095 Wiennerwaldt die Gem. Statt aufs
717 2093 1897 2179 Verwichene Monnath October Zuege
709 2177 1962 2270 thailte dreytausent achthundert
726 2267 1928 2364 acht vnd Neünzig Gulden 1 s. 14 d.
730 2359 1904 2447 Verpflegungs Contingent Vermög
702 2444 1887 2536 quitt. Raths Vnnd der herrn Ver
688 2535 1912 2631 ordneten decret krafft deren be
692 2624 1919 2712 melte Verpflegung nach biß vnd
700 2705 1955 2818 9br. Zu bezallen bewilliget worden
748 2783 2291 2947 hiebei Idest 3898 f. 1 " 4
682 2945 1900 3109 Den 13. dito Zalt ich widerumb Vorge
647 3134 1963 3422 Latus 8848 f. 1 s. 14 d.
2797 595 3951 721 dachten herrn Caspar holden Einer
2805 719 3927 816 Löbl. N.Ö. Landtschafft bestelten
2796 820 3995 918 Einnehmern mehrmallen in abschlag
2778 926 3923 1012 Gem. Statt Wienn wegen der
2793 1008 3916 1111 noch aufs Verwichen 1667.te Iahr
2798 1109 3976 1206 dem Kay. hoff Von denen Gesambten
2797 1204 3922 1294 Löbl. Landstendten anstatt nach
2786 1294 3916 1385 pratendierenter portions über
2775 1386 3881 1485 nehmung bewilligten 100 f. als
2775 1486 3916 1583 das Zehentl Zuegethailte Zehen
2763 1573 3970 1674 tausent gulden benent. Aintau
2770 1668 3932 1759 sent Achthundert Gulden ut
2804 1734 4337 1863 quitt. hiebei Idest 1800 f.
2700 1938 3914 2102 Den 4. dec. Zahlt ich Ihme herrn holden
2775 2084 3903 2194 in abschlag gem. Statt schuldigen
2773 2193 3887 2284 1668. Iährigen Landtsteüer Zu
2774 2278 3887 2368 handten der herrn P. Minoriten
2772 2360 3890 2462 bei dem heiligen Creüz benentl.
2771 2454 3965 2553 Aintausent vnd achtzig Gulden
2780 2557 4363 2709 ut quitt. hiebey Idest 1080 f.
2700 2744 3877 2917 Den 15 dito Zahlt ich Ihrer gdn
2742 2911 3863 2995 herrn Franz Grauen Von her
2729 2989 3867 3091 berstain etc ober Comissarien die
2690 3146 3798 3420 Latus 2880 f.
