4689 3886
2653 275 3821 724 Außgab
2701 719 3831 872 Auf Bezahlung deß
2830 867 3732 989 Entlechneten Gelts
2625 1055 3910 1195 Den 20. Ianuarii 1668 Zahlt ich frn.
2712 1189 3940 1289 Lucretia Schwanärin wittib Von
2739 1271 3918 1372 Ihren nach anligenten 300 f. Cap.
2757 1365 3930 1466 in abschlag deren benent. Ain
2736 1455 3933 1562 hundert Vnd Funffzig Gulden
2741 1556 4333 1682 Inhalt quitt. hiebey Idest 150 f.
2698 1780 3914 1950 Den 27 dito Zahlt ich Frauen Elisa
2739 1935 3914 2038 betha Forestin Vorhero Weingin
2758 1992 3886 2122 die Ienige Sübenhundert Süben Vnd
2760 2116 3902 2217 dreysig Gulden Vier schilling 8 d.
2759 2203 3931 2302 welche Ihr frauen an der Von Einer
2756 2286 3912 2388 Löbl. N.Ö. Landtschafft auf weyl. herrn
2736 2379 3919 2474 melchior Kirchbergers gewesten Ein
2745 2467 3897 2560 nehmerambts gegenhandlers alda
2753 2543 3905 2640 bey der Löbl. Landtschafft auf deß
2733 2625 3961 2735 selben schuldigen Raittrest der 1593 f.
2728 2716 3909 2813 7 s 26 d. nach dem 31. Maii 664. fer
2729 2800 3925 2902 thailten anweisung über die Ihr ein
2760 2887 3953 2998 geschäzt Kirchbergerische weingärtten
2715 3048 3649 3298 Latus perse.
