4711 3931
755 628 1945 749 lauth quitt. Raths Vnd der herrn
740 751 1879 835 Verordneten decreta krafft
737 842 1927 938 dern dise Verpflegung widerumben
739 940 1955 1054 biß endt aug. übernohmen worden
1618 1057 2296 1191 Idest 3898 f. 1 "
698 1182 1946 1355 Den 18. Aug. Zahlt ich offternent
734 1359 1942 1448 Ihrer g. hh. Franz Grauen Von
721 1453 1977 1546 herberstain etc ober Comissario gleichs
703 1546 1939 1636 fals die auf diß Monnath Zuege
711 1634 1958 1730 thailt dreytausent achthundert
751 1730 1929 1818 achtvnd Neünzig Gulden 1 s.
749 1815 1675 1928 14 d. krafft quitt. hiebey
1611 1861 2290 2008 Idest 3898 f. 1 "
671 2050 1958 2236 Den 22 Sept. Ingleichen auf diß Mon
724 2228 1944 2316 nath dreytausent achthundert
744 2316 1997 2409 acht vnd Neünzig Gulden 1 s. 14 d.
743 2399 1934 2487 krafft quitt. Raths Vnd der herrn
737 2482 1815 2583 Verordneten decreta hiebei
1593 2590 2285 2725 Idest 3898 f. 1 "
672 2724 1953 2900 Den 6. 8br. Zahlt ich herrn Casparn
730 2883 1926 2972 holdt Einer Löbl. N.Ö. Land
705 2964 1937 3080 schafft wolbestelten Einnehmer in
740 3144 2092 3407 Latus 11694 f. 4 s. 12 d.
2789 583 3903 707 abschlag der Ienigen Zehentau
2754 706 3863 795 sent Gulden welche Gemr. Statt
2755 784 3935 886 Wienn aufs Verwichen 1667te Iahr
2782 882 3948 976 wegen der von denen Löbl. Gesambten
2778 969 3968 1062 N.Ö. Landstendten Ihrer Kay. Mayt.
2770 1055 3992 1154 anstatt deren über die vorhero über
2774 1147 3935 1235 nohmene Verpflegung nach weiters
2782 1231 3955 1322 assigierte portiones per pausch ge
2765 1310 3919 1407 horsamblich bewilligten Ainmal
2767 1398 3891 1494 hundert Tausent gulden als das
2771 1484 3984 1590 Zehentl Zuegetragen schuldig benent.
2777 1585 3926 1678 Fünfftausent Gulden inhalt
2774 1669 3949 1759 quitt. Raths Vnnd der herrn Ver
2751 1730 4386 1886 ordeten decreta hiebey Idest 5000 f.
2697 2004 3924 2167 Den 27. October Zahlt Ich Ihme herrn
2756 2163 3923 2248 holden mehr in abschlag erstge
2753 2241 3972 2341 dachter Zehentausent Gulden benent.
2750 2331 3904 2439 dreytausent Gulden ut quitt.
2773 2398 4376 2546 hiebey Idest 3000 f.
2733 2662 3956 2804 Dito Zalt ich mehrgedachten herrn Ein
2747 2793 4003 2893 nehmer über die hieuor den 15. Iän.
2758 2887 3991 3010 diß Iahr bezahlten 10000 f. widerumb
2622 3083 3593 3337 Latus 8000 f.
