4713 3934
764 731 1878 805 Gesambten Vier Löbl. Stendten Zur
758 804 1926 915 Freyen disposition Allergehor
759 911 1895 985 sambist bewilligten 150 f. in ab
751 985 1893 1067 schlag Gem. Statt Wienn als den
770 1066 1893 1151 Zehentl oder halbe Fünfftl Zue
774 1152 1914 1244 Zutragen schuldigen 15 f. benent.
785 1241 1885 1327 Zehentausent Gulden rh. krafft
785 1322 1855 1405 Quitt. dat. 24 Dec. 1667. der
797 1408 1879 1477 herrn Verordneten Zueschreiben
776 1483 1655 1582 Vnd Raths decret hiebey
1599 1535 2217 1683 Idest 10000 f.
744 1728 1898 1878 An 11. Febr. Zahlt ich Vor hochge
789 1870 1843 1963 dachten herrn herrn Grafen Von
783 1947 1920 2038 herberstain etc OberCommisarien Gem.
795 2037 1913 2125 Statt auf Gegenwertigen Monath
792 2118 1891 2201 Februarium Zu Verpflegung der
792 2195 1819 2275 in disem Land ligenten Kay.
793 2274 1821 2353 Kriegs Völckher Zuegethailte
798 2354 1891 2447 Dreytausentachthundert acht
804 2434 1824 2514 vnd Neunzig Gulden 1 s 14 d.
800 2506 1864 2591 lauth Quitt. Raths Vnd der herrn
802 2587 1931 2688 Verordneten decret hiebey krafft
794 2661 1889 2745 dessen Gem. Statt Wienn wegen
794 2741 1962 2862 der Von denen Löbl. Gesambten Stendten etc
794 2822 1894 2909 yber hieuor assignierte 7600 por
790 2903 1863 2984 tion aufs Neü Zuuerpflegen
797 2980 1929 3081 Übernohmenen 2110 portions widerumben
898 3120 1568 3355 Latus perse.
2826 577 3944 679 211 portion in geldt aber 844 f.
2809 683 3869 775 Zuegethailt worden dannmehr
2823 762 3869 859 sich das monnatliche Contingent
2815 862 3980 947 auf diß Vnnd nachkhomente monath
2806 950 3904 1032 Martiam auf obige 3898 f. 1 s
2815 1011 4510 1156 14 d. erstreckht Idest 3898 f. 1 s 14 d.
2685 1224 3893 1375 Den 17 Martii Zahlte ich mehr hoch
2803 1374 3854 1453 ernenten herrn Franz grauen
2812 1443 3889 1537 Von herberstain etc Ober Commissa
2795 1524 3968 1612 rien Gem. Statt auf diß Monnath
2806 1606 3889 1705 gleich dem Vorigen Zuegethailte
2796 1702 3860 1798 Verpflegungs Contigent be
2804 1781 3932 1881 nentlichen dreytausentacht
2791 1872 3976 1967 hundert Achtvnd Neunzig Gulden
2808 1956 3872 2047 1 s 14 d. ut quitt. raths Vnd
2802 2045 3850 2127 der herrn Verordneten decret
2796 2122 3838 2207 Krafft deren die Verpflegung
2787 2202 3927 2305 biß end May Verwilliget worden
3605 2279 4418 2426 Idest 3898 f. 1 " 14 "
2701 2484 3866 2641 Den 16. April Ingleichen die auf
2762 2632 3918 2725 diß Monnath Zuegethailte drey
2735 2726 3836 2811 Tausent achthundert achtvnd
2749 2809 3850 2899 Neunzig Gulden 1 s. 14 d. Ver
2744 2887 3862 2980 pflegungs Contingent lauth ge
2747 2971 3870 3053 dachtes herrn Grafen quitt. vnnd
2778 3049 3886 3138 oben in Monnath Marti Zugelegten
2801 3173 4065 3374 Latus 7796 f. 2 s. 28 d.
