4706 3908
786 750 1922 819 gebührente Sechshundert Gulden
828 820 2300 965 ut quitt. hiebey Idest 600 f.
716 1033 1926 1181 Den Lezten Maii Zahlt ich gedachten
770 1179 1944 1272 herrn Iohan Geörg Loysell Kay.
773 1276 1901 1361 hoff Kriegs Zahlmaistern alhie
780 1368 1956 1460 die für die alhiesige Statt quardia
777 1462 1965 1544 auf diß Monnath dahin gebührente
750 1540 1955 1643 Sechshundert Gulgen lauth quitt.
779 1647 2271 1790 hiebey Idest 600 f.
744 1836 1915 1998 Den Lezten Iunii Ingleichen die auf
757 2002 1865 2094 diß Monnath dahin gebührente
763 2092 1832 2186 Sechshundert Gulden inhalt
758 2185 2277 2319 quitt. hiebei Idest 600 f.
743 2380 1891 2549 Den Lezten Iulii mehr auf diß Mon
751 2547 1912 2657 nath Sechshundert Gulden gegen
759 2648 2264 2773 quitt. hiebey Idest 600 f.
751 2821 1838 3025 Den Lezten aug. In Simili die
733 3074 1717 3330 Latus 2400 f.
2809 575 3937 688 auf diß Monnath gebührente Sechs
2790 691 3890 794 hundert Gulden krafft quitt.
2816 763 4331 901 hiebey Idest 600 f.
2721 959 3942 1135 Den Lezten Sept. Zahlt ich mehrober
2802 1123 3955 1228 nenten herrn hannß Geörg Loysell
2812 1224 3908 1334 Kayl. hoffkriegs Zahlmaistern
2800 1314 3953 1430 für die alhiesige Statt quardia auf
2799 1398 3977 1515 diß Monnath gebührente Sechshun
2782 1499 3958 1621 dert Gulden Vermög quitt. hiebei
3705 1562 4343 1722 Idest 600 f.
2726 1710 3931 1871 Den Lezten 8br. Ingleichen die auf
2790 1857 3877 1953 diß Monnath dahin gebührente
2790 1942 4010 2052 Sechshundert Gulden gegen quitt.
2804 2062 3012 2133 hiebei
3697 2002 4323 2165 Idest 600 f.
2740 2234 3937 2399 Den Lezten gbr. mehr auf diß Mon
2775 2369 3951 2481 nath die gebührente Sechshundert
2794 2470 3695 2582 Gulden ut quitt. hiebei
3651 2494 4387 2667 Idest 600 f.
2695 2683 3927 2856 Den Lezten dec. auch die auf diß
2769 2820 3951 2940 Monnath dahin gebührente Sechshun
2790 2929 3820 3045 dert Gulden lauth quitt. hiebei
3614 2940 4407 3119 Idest 600 f.
2650 3109 3679 3347 Latus 3000 f.
