4706 3937
763 607 1930 723 Raths Vnd der herrn Verordneten
797 677 2306 856 decret hiebey Idest 3898 f. 1 s
686 919 1931 1084 Den 15 Maii Zahlt ich hochgedach
762 1079 1898 1157 ten herrn Grauen Von herber
773 1164 1894 1244 stain etc woluerordneten Ober
775 1250 1869 1331 Comissarien etc das auf diß mon
778 1331 1866 1418 nath Zuegethailte Verpfle
761 1414 1926 1506 gungs Contingent benent. drey
771 1500 1879 1584 Tausent achthundert acht
808 1586 1938 1672 Vnd Neunzig Gulden 1 s 14 d
818 1641 2322 1810 krafft quitt. hiebey Idest 3898 f. 1 s.
734 1914 1875 2071 Den 19 dito Zahlte ich herrn Iohan
809 2069 1911 2152 Inama N.Ö. Regts Rath durch
811 2149 1858 2226 Steüer abschreibung die Ihme
791 2226 1932 2318 herrn Von Einer Löbl. Landtschafft
797 2306 1935 2393 auf guete abraittung Gem. Statt
772 2388 1883 2469 Wienn biß vnd 647 ig aussten
768 2470 1897 2567 digen Landts anlagen erthailte
793 2553 1853 2632 anweisung per Zwayhundert
788 2630 1894 2728 Gulden rh. Inhalt gedruckhter
794 2715 1895 2805 quittung dat. 23. aug. 1655 be
785 2795 1880 2884 rathschlagten Steüerhandler be
771 2876 1856 2962 richt sambt dennen darin alle
770 2959 1885 3073 gierten beylagen Vnd Schadlas
873 3150 2065 3418 Latus 7796 f. 2 s. 28 d.
2783 593 3917 707 haltung krafft derselben wolge
2773 708 3940 801 dachter herr Inama schuldig das
2766 801 3952 901 Zum fahl sich künfftig befindten wurde
2774 902 3934 995 das Gem. Statt disen 200 f. nicht Zu
2763 1003 3928 1102 bezallen schuldig wehre gewesen
2761 1106 3902 1194 Er herr sodan eine andre annehm
2754 1186 3945 1285 liche anweisung außwürckhen oder
2775 1281 3994 1376 solche 200 f. als ein Steüer ausstandt
2765 1365 3928 1455 paar in Gem. Statt Steüer Ambt
2784 1453 4407 1591 abführen solle Idest 200 f.
2714 1656 3901 1832 Den 16. Iunii Zahlt ich widerumb Ihrer
2754 1824 3913 1912 g. herrn herrn Franz Grauen Von
2752 1908 3916 1996 herberstain etc Ober Comissario Gem.
2752 1988 3940 2077 Statt auf diß Monnath Zuegethailte
2753 2081 3948 2173 Verpflegungs Contigent benent.
2735 2166 3929 2271 Dreytausent achthundert acht
2748 2263 3893 2353 Vnd Neünzig Gulden 1 s. 14 d.
2754 2345 3923 2440 krafft quitt. Raths Vnd der herrn
2753 2430 3658 2536 Verordneten decret hiebei
3572 2436 4525 2607 Idest 3898 f. 1 s. 14 d.
2664 2678 3948 2845 Den 21. Iulii mehr auf diß Monnath
2727 2832 3945 2932 dreytausent achthundert acht
2746 2930 3908 3020 Vnd Neünzig Gulden Ain schilling
3787 3026 3929 3084 14 d
2794 3115 4003 3361 Latus 4098 f. 1 s. 14 d.
