<?xml version="1.0" encoding="UTF-8" standalone="yes"?>
<PcGts xmlns="http://schema.primaresearch.org/PAGE/gts/pagecontent/2013-07-15">
    <Metadata>
        <Creator>prov=READ-COOP:name=PyLaia@TranskribusPlatform:version=2.27.0:model_id=353485:lm=provided:date=17_06_2025_12:54</Creator>
        <Created>2025-06-11T09:06:30.380+02:00</Created>
        <LastChange>2025-08-29T11:24:08.388+02:00</LastChange>
        <TranskribusMetadata docId="8976519" pageId="98893752" pageNr="78" status="GT" userId="261754" imgUrl="https://files.transkribus.eu/Get?id=IPMFJSPJVPPQLXAIHGQDZDAU&amp;fileType=view" imageId="82982985"/>
    </Metadata>
    <Page imageFilename="98893752.tif" imageWidth="4685" imageHeight="3910">
        <TextRegion id="region_146853910" custom="readingOrder {index:0;}">
            <Coords points="0,0 2342,0 2342,3910 0,3910"/>
            <TextLine id="tl_1750153901" custom="readingOrder {index:0;}">
                <Coords points="763,649 1970,649 1970,762 763,762"/>
                <Baseline points="763,733 1970,733"/>
                <TextEquiv>
                    <Unicode>Gem. Statt auf das Verwichene Mo</Unicode>
                </TextEquiv>
            </TextLine>
            <TextLine id="tl_1750153906" custom="readingOrder {index:1;}">
                <Coords points="748,765 1900,765 1900,853 748,853"/>
                <Baseline points="748,831 1900,831"/>
                <TextEquiv>
                    <Unicode>nath Nouember Zuegethailte</Unicode>
                </TextEquiv>
            </TextLine>
            <TextLine id="tl_1750153899" custom="readingOrder {index:2;}">
                <Coords points="747,858 1948,858 1948,959 747,959"/>
                <Baseline points="747,933 1948,933"/>
                <TextEquiv>
                    <Unicode>dreytausent achthundert acht</Unicode>
                </TextEquiv>
            </TextLine>
            <TextLine id="tl_1750153890" custom="readingOrder {index:3;}">
                <Coords points="762,961 1939,961 1939,1053 762,1053"/>
                <Baseline points="762,1030 1939,1030"/>
                <TextEquiv>
                    <Unicode>Vnd Neünzig Gulden 1 s 14 d.</Unicode>
                </TextEquiv>
            </TextLine>
            <TextLine id="tl_1750153885" custom="readingOrder {index:4;}">
                <Coords points="2318,1068 2311,1045 2292,1037 2232,1043 2130,1063 1901,1073 1259,1054 861,1053 755,1066 750,1110 753,1134 761,1140 828,1157 1277,1162 1890,1198 2129,1199 2193,1192 2260,1174 2274,1155 2311,1134"/>
                <Baseline points="750,1157 2318,1157"/>
                <TextEquiv>
                    <Unicode>Inhalt quitt. hiebei Idest 3898 f. 1 "</Unicode>
                </TextEquiv>
            </TextLine>
            <TextLine id="tl_1750153882" custom="readingOrder {index:5;}">
                <Coords points="716,1340 716,1378 720,1393 731,1402 779,1414 1931,1413 1929,1328 1913,1323 1852,1319 1762,1324 1372,1324 1159,1318 1073,1307 1026,1288 1010,1267 963,1252 913,1248 817,1258 766,1272 750,1297 721,1312"/>
                <Baseline points="716,1371 1931,1371"/>
                <TextEquiv>
                    <Unicode>Den Lezten dec. Zahlt ich Vorbesagten</Unicode>
                </TextEquiv>
            </TextLine>
            <TextLine id="tl_1750153900" custom="readingOrder {index:6;}">
                <Coords points="751,1420 1921,1420 1921,1513 751,1513"/>
                <Baseline points="751,1489 1921,1489"/>
                <TextEquiv>
                    <Unicode>herrn Caspar holden Einnehmern den</Unicode>
                </TextEquiv>
            </TextLine>
            <TextLine id="tl_1750153905" custom="readingOrder {index:7;}">
                <Coords points="757,1517 1941,1517 1941,1604 757,1604"/>
                <Baseline points="757,1580 1941,1580"/>
                <TextEquiv>
                    <Unicode>Rest Von Gem. Statt Wienn auf diß</Unicode>
                </TextEquiv>
            </TextLine>
            <TextLine id="tl_1750153893" custom="readingOrder {index:8;}">
                <Coords points="1918,1646 1911,1640 1864,1630 1741,1617 1584,1616 1357,1608 1126,1614 809,1613 757,1621 755,1684 762,1689 813,1694 1055,1702 1241,1703 1350,1696 1416,1696 1555,1703 1918,1702"/>
                <Baseline points="755,1677 1918,1677"/>
                <TextEquiv>
                    <Unicode>Iahr nach Zuetzutragen schuldigen</Unicode>
                </TextEquiv>
            </TextLine>
            <TextLine id="tl_1750153904" custom="readingOrder {index:9;} unclear {offset:26;length:6;}">
                <Coords points="766,1720 766,1767 771,1773 920,1787 1099,1793 1399,1784 1500,1784 1680,1794 1869,1807 1925,1803 1933,1758 1875,1726 1782,1719 1412,1707 1266,1710 846,1707 780,1713"/>
                <Baseline points="766,1770 1909,1770"/>
                <TextEquiv>
                    <Unicode>ordinari Landtsteüer oder Gräniz</Unicode>
                </TextEquiv>
            </TextLine>
            <TextLine id="tl_1750153912" custom="readingOrder {index:10;}">
                <Coords points="754,1791 1885,1791 1885,1878 754,1878"/>
                <Baseline points="754,1854 1885,1854"/>
                <TextEquiv>
                    <Unicode>bezallung mit Neüntausent</Unicode>
                </TextEquiv>
            </TextLine>
            <TextLine id="tl_1750153911" custom="readingOrder {index:11;}">
                <Coords points="760,1943 819,1952 1023,1958 1507,1954 1775,1964 1917,1963 1918,1958 1917,1920 1907,1914 1861,1906 1670,1890 1408,1877 1285,1877 1209,1881 1059,1877 806,1877 763,1881 758,1885"/>
                <Baseline points="758,1940 1918,1940"/>
                <TextEquiv>
                    <Unicode>dreyhundert Sübenvnd Vierzig</Unicode>
                </TextEquiv>
            </TextLine>
            <TextLine id="tl_1750153896" custom="readingOrder {index:12;} unclear {offset:25;length:11;}">
                <Coords points="766,1967 767,2021 778,2026 826,2032 1090,2038 1317,2030 1595,2035 1850,2048 1986,2076 2009,2012 1971,1994 1737,1967 1518,1960 803,1959 773,1962"/>
                <Baseline points="766,2025 1979,2025"/>
                <TextEquiv>
                    <Unicode>Gulden 2 s. 12 d. krafft vidimierten</Unicode>
                </TextEquiv>
            </TextLine>
            <TextLine id="tl_1750153897" custom="readingOrder {index:13;}">
                <Coords points="764,2040 1897,2040 1897,2126 764,2126"/>
                <Baseline points="764,2103 1897,2103"/>
                <TextEquiv>
                    <Unicode>anbringen Extract Vnnd quitt.</Unicode>
                </TextEquiv>
            </TextLine>
            <TextLine id="tl_1750153887" custom="readingOrder {index:14;}">
                <Coords points="749,2128 1918,2128 1918,2222 749,2222"/>
                <Baseline points="749,2197 1918,2197"/>
                <TextEquiv>
                    <Unicode>hiebey so Zwar den 1. April 669.</Unicode>
                </TextEquiv>
            </TextLine>
            <TextLine id="tl_1750153903" custom="readingOrder {index:15;} unclear {offset:18;length:8;}">
                <Coords points="757,2223 1931,2223 1931,2307 757,2307"/>
                <Baseline points="757,2286 1931,2286"/>
                <TextEquiv>
                    <Unicode>dat. welcher aber eheunter mit</Unicode>
                </TextEquiv>
            </TextLine>
            <TextLine id="tl_1750153902" custom="readingOrder {index:16;}">
                <Coords points="755,2358 760,2369 846,2381 1375,2382 1600,2392 1919,2390 1919,2343 1914,2338 1692,2313 1344,2306 803,2307 764,2312 756,2318"/>
                <Baseline points="755,2369 1919,2369"/>
                <TextEquiv>
                    <Unicode>wegen eines von denen herrn Ver</Unicode>
                </TextEquiv>
            </TextLine>
            <TextLine id="tl_1750153898" custom="readingOrder {index:17;}">
                <Coords points="738,2460 797,2471 1168,2481 1347,2474 1593,2488 1914,2487 1914,2427 1907,2422 1514,2394 1291,2394 1213,2398 1100,2394 787,2394 744,2400 736,2406"/>
                <Baseline points="736,2463 1914,2463"/>
                <TextEquiv>
                    <Unicode>ordneten nach mehrers praetendti</Unicode>
                </TextEquiv>
            </TextLine>
            <TextLine id="tl_1750153910" custom="readingOrder {index:18;} unclear {offset:7;length:6;}">
                <Coords points="1885,2525 1879,2517 1795,2499 1715,2489 1326,2483 1168,2492 989,2486 803,2487 747,2495 743,2502 743,2544 746,2550 809,2559 1019,2570 1166,2571 1341,2564 1491,2565 1601,2571 1884,2570"/>
                <Baseline points="743,2549 1885,2549"/>
                <TextEquiv>
                    <Unicode>renten gnandi biß die notdurfft</Unicode>
                </TextEquiv>
            </TextLine>
            <TextLine id="tl_1750153913" custom="readingOrder {index:19;}">
                <Coords points="753,2583 754,2640 762,2644 816,2649 1133,2655 1306,2647 1587,2655 1874,2655 1889,2653 1890,2642 1889,2605 1882,2601 1542,2574 1270,2571 1133,2575 1021,2570 819,2568 761,2575"/>
                <Baseline points="753,2631 1890,2631"/>
                <TextEquiv>
                    <Unicode>hierüber gehandlet Vnd erhalten</Unicode>
                </TextEquiv>
            </TextLine>
            <TextLine id="tl_1750153889" custom="readingOrder {index:20;} unclear {offset:25;length:6;}">
                <Coords points="751,2674 751,2709 754,2715 762,2718 1023,2742 1080,2742 1202,2730 1311,2743 1440,2736 1541,2738 1735,2757 1920,2757 1934,2755 1932,2700 1903,2694 1884,2685 1839,2680 1496,2661 807,2660 755,2667"/>
                <Baseline points="751,2732 1934,2732"/>
                <TextEquiv>
                    <Unicode>worden hat erhebt werden khönen</Unicode>
                </TextEquiv>
            </TextLine>
            <TextLine id="tl_1750153907" custom="readingOrder {index:21;}">
                <Coords points="750,2758 751,2813 791,2821 841,2825 1025,2830 1169,2828 1315,2821 1488,2833 1590,2836 1864,2836 1875,2834 1877,2829 1877,2792 1868,2784 1625,2758 1452,2750 1292,2753 1214,2746 1071,2751 905,2743 804,2743 758,2751"/>
                <Baseline points="750,2812 1877,2812"/>
                <TextEquiv>
                    <Unicode>hingegen aber die gelter Von</Unicode>
                </TextEquiv>
            </TextLine>
            <TextLine id="tl_1750153894" custom="readingOrder {index:22;}">
                <Coords points="754,2852 754,2896 770,2901 832,2907 1068,2919 1330,2922 1458,2932 1842,2932 1852,2928 1852,2892 1842,2884 1602,2856 1411,2839 1262,2836 1041,2842 848,2840 790,2843 762,2847"/>
                <Baseline points="754,2908 1852,2908"/>
                <TextEquiv>
                    <Unicode>denen diß Iahr eingangenen</Unicode>
                </TextEquiv>
            </TextLine>
            <TextLine id="tl_1750153895" custom="readingOrder {index:23;}">
                <Coords points="758,2931 758,2973 764,2981 807,2989 1059,3008 1441,3016 1594,3027 1901,3026 1904,3022 1904,2976 1901,2967 1848,2950 1647,2948 1400,2931 1178,2924 812,2921 768,2924"/>
                <Baseline points="758,2999 1904,2999"/>
                <TextEquiv>
                    <Unicode>Steuergeföhlen vnangegriffnen</Unicode>
                </TextEquiv>
            </TextLine>
            <TextLine id="tl_1750153884" custom="readingOrder {index:24;} unclear {offset:26;length:4;}">
                <Coords points="777,3016 780,3069 824,3086 870,3092 1361,3121 1934,3119 1934,3073 1929,3064 1885,3050 1837,3044 1445,3017 1158,3008 816,3004 780,3009"/>
                <Baseline points="777,3091 1934,3091"/>
                <TextEquiv>
                    <Unicode>beysamben ligen Verbliben dann</Unicode>
                </TextEquiv>
            </TextLine>
            <TextLine id="tl_1750153914" custom="readingOrder {index:25;}">
                <Coords points="866,3168 863,3195 865,3237 878,3287 883,3295 884,3312 889,3329 897,3339 929,3351 958,3357 986,3359 1185,3358 1431,3373 1630,3374 1639,3371 1640,3333 1630,3310 1557,3293 1518,3280 1506,3269 1495,3253 1471,3235 1444,3225 1380,3221 1289,3220 1207,3213 1175,3203 1157,3184 1145,3177 1137,3159 1132,3154 1097,3141 1024,3140 933,3143 891,3151 871,3160"/>
                <Baseline points="863,3314 1640,3314"/>
                <TextEquiv>
                    <Unicode>Latus perse.</Unicode>
                </TextEquiv>
            </TextLine>
            <TextEquiv>
                <Unicode></Unicode>
            </TextEquiv>
        </TextRegion>
        <TextRegion id="region_246853910" custom="readingOrder {index:1;}">
            <Coords points="2343,0 4685,0 4685,3910 2343,3910"/>
            <TextLine id="tl_1750153881" custom="readingOrder {index:0;}">
                <Coords points="3915,596 3903,588 3768,573 3692,570 3511,570 3332,581 3079,587 3008,586 2929,578 2834,577 2820,580 2781,610 2777,633 2777,670 2785,681 2823,687 3252,687 3482,668 3820,661 3910,650 3915,643"/>
                <Baseline points="2777,657 3915,657"/>
                <TextEquiv>
                    <Unicode>hero dise post gar billich auch hat</Unicode>
                </TextEquiv>
            </TextLine>
            <TextLine id="tl_1750153892" custom="readingOrder {index:1;}">
                <Coords points="3947,699 3944,691 3932,687 3742,682 3447,682 3351,686 3107,705 2872,714 2824,728 2817,740 2819,765 2826,772 2861,785 2910,790 3612,789 3693,781 3747,771 3894,762 3935,755 3946,748"/>
                <Baseline points="2817,763 3947,763"/>
                <TextEquiv>
                    <Unicode>miessen in disen Iahr eingebracht</Unicode>
                </TextEquiv>
            </TextLine>
            <TextLine id="line_1750156132913_2345" custom="readingOrder {index:2;}">
                <Coords points="2834,805 2836,802 2841,800 3683,765 4499,765 4499,893 3683,893 2866,868 2851,867 2846,865 2841,861 2838,850 2836,840 2835,834 2834,817"/>
                <Baseline points="2834,851 3053,851 3683,861 4499,861"/>
                <TextEquiv>
                    <Unicode>werden Idest 9347 f. 2 " 12 "</Unicode>
                </TextEquiv>
            </TextLine>
            <TextLine id="tl_1750153888" custom="readingOrder {index:3;}">
                <Coords points="2821,1109 2828,1137 2854,1166 2875,1176 2884,1187 2941,1197 2995,1200 3066,1200 3126,1191 3276,1192 3345,1179 3463,1144 3574,1121 3617,1117 3649,1105 3658,1098 3661,1090 3660,1033 3650,1027 3621,1020 3548,1020 3480,1027 3387,1027 3318,1034 3283,1032 3247,1020 3211,994 3203,956 3194,941 3181,928 3162,920 3151,919 3090,920 3009,928 2975,937 2944,951 2919,972 2894,981 2858,1001 2847,1016 2839,1034 2830,1043 2824,1064"/>
                <Baseline points="2821,1129 3661,1129"/>
                <TextEquiv>
                    <Unicode>Latus perse.</Unicode>
                </TextEquiv>
            </TextLine>
            <TextLine id="tl_1750153879" custom="readingOrder {index:4;}">
                <Coords points="2714,1417 2717,1449 2729,1481 2742,1489 2755,1521 2778,1531 3285,1526 4019,1505 4081,1498 4120,1472 4172,1410 4174,1337 4133,1341 4116,1335 3968,1338 3702,1332 3527,1336 3446,1331 3338,1344 3251,1373 3212,1361 3143,1314 3077,1303 3004,1279 2947,1256 2854,1260 2797,1261 2739,1335 2722,1349 2716,1366"/>
                <Baseline points="2714,1478 4138,1478"/>
                <TextEquiv>
                    <Unicode>Summa Außgab auf</Unicode>
                </TextEquiv>
            </TextLine>
            <TextLine id="tl_1750153883" custom="readingOrder {index:5;}">
                <Coords points="4104,1539 4099,1527 4018,1518 3614,1523 3423,1520 3260,1529 2920,1520 2884,1523 2872,1528 2871,1545 2876,1558 2870,1574 2871,1593 2864,1601 2863,1611 2869,1627 2883,1632 2939,1632 3008,1623 3159,1619 3381,1621 3486,1613 3745,1603 3866,1604 3983,1617 4084,1618 4098,1615 4103,1609"/>
                <Baseline points="2863,1602 4104,1602"/>
                <TextEquiv>
                    <Unicode>die Landtsteüer benent.</Unicode>
                </TextEquiv>
            </TextLine>
            <TextLine id="tl_1750153909" custom="readingOrder {index:6;}">
                <Coords points="4108,1641 4104,1633 4091,1629 3997,1625 3931,1615 3879,1612 3678,1615 3473,1624 3328,1635 3264,1635 3080,1625 2983,1625 2927,1630 2907,1637 2900,1653 2899,1691 2901,1698 2911,1704 2960,1711 3328,1711 3492,1704 3656,1706 3781,1698 3924,1700 4094,1694 4107,1689"/>
                <Baseline points="2899,1684 4108,1684"/>
                <TextEquiv>
                    <Unicode>Sübenvnd Sübenzig Tausent</Unicode>
                </TextEquiv>
            </TextLine>
            <TextLine id="tl_1750153891" custom="readingOrder {index:7;}">
                <Coords points="4103,1731 4095,1722 4035,1712 3836,1707 3496,1711 3357,1718 3155,1716 2970,1721 2923,1727 2910,1734 2909,1785 2919,1791 2971,1793 3726,1792 3860,1788 4087,1791 4102,1785"/>
                <Baseline points="2909,1770 4103,1770"/>
                <TextEquiv>
                    <Unicode>vierhundert dreyzehen Gulden</Unicode>
                </TextEquiv>
            </TextLine>
            <TextLine id="tl_1750153908" custom="readingOrder {index:8;}">
                <Coords points="2908,1790 4206,1790 4206,1899 2908,1899"/>
                <Baseline points="2908,1871 4206,1871"/>
                <TextEquiv>
                    <Unicode>Zwen schilling Sechzehen pfening</Unicode>
                </TextEquiv>
            </TextLine>
            <TextLine id="tl_1750153880" custom="readingOrder {index:9;}">
                <Coords points="2773,2167 2782,2208 2807,2229 2840,2234 2951,2234 3012,2219 3034,2202 3071,2188 3085,2171 3122,2158 3149,2141 3259,2109 3465,2145 3621,2157 3784,2156 4197,2086 4215,2072 4215,2003 4199,1981 4161,1955 4072,1943 3661,1948 3393,1941 2932,1938 2894,1944 2877,1956 2862,2010 2827,2032 2815,2076 2786,2093 2775,2108"/>
                <Baseline points="2773,2160 4215,2160"/>
                <TextEquiv>
                    <Unicode>Idest 77413 f. 2 s. 16 d.</Unicode>
                </TextEquiv>
            </TextLine>
            <TextEquiv>
                <Unicode></Unicode>
            </TextEquiv>
        </TextRegion>
    </Page>
</PcGts>
