4874 4034
691 603 1919 757 den 16. Ianuarii Zue 6. pro Cento
686 742 1993 835 verfallene Iahrs Interesse mit Acht
680 837 2000 942 Zehen Gulden rh. gegen Quitt.
690 867 2276 1027 hiebey Idest 18 f.
638 1173 1901 1330 Gleicher gestalten Zahlte Ich dem
701 1330 1900 1412 Geörg Wolff Klein burger vnd
703 1396 2014 1501 Taschner alhier das von seines brue
692 1484 1989 1583 ders Hanß Adamen ainetzo aber F.
693 1582 1997 1672 Balthasar ord. Min. Conu. S. Fran
700 1669 1982 1764 cisci Zue New Kürchen anligenden
711 1761 1952 1873 500. f. den 5. Decemb. Anno etc. 1673.
700 1859 2013 1959 verfallene Iahrs Interesse mit Fünff
721 1960 1980 2051 vnd Zwaintzig Gulden rh. In
702 2049 2007 2167 halt Quitt. vnd Gwalttschein hiebey
722 2082 2333 2251 Idest 25 f.
678 2338 1998 2550 Den 19. Februarii Zahlte Ich vorge
737 2536 1925 2627 dachten herrn Chormaistern die
733 2619 1936 2697 wegen der Matur mit Quatember
729 2689 1944 2783 Fasten Verfallene Siben Gul
721 2782 1975 2892 den 2 s d. auf sein Quitt. hiebey
737 2777 2356 2983 Idest 7 f 2 s d.
703 3074 2006 3251 Ebenmessig Zahlte Ich herrn Hanß
736 3224 1984 3340 Christophen Glatzen als der Hanß
760 3332 2029 3441 Geörg Schmuzerischen Kinder Ver
838 3532 1797 3772 Latus 50. f 2 s d.
2876 579 4006 693 ordneten Gerhaben das von der
2882 693 4019 771 Kinder anligenden 1 f Capital
2853 775 3997 881 den 17. Decemb. Anno etc. 1673. Ver
2842 879 3982 967 fallene halb Iahrige Interesse mit
2842 962 3995 1061 Fünff vnd Zwaintzig Gul
2830 1049 3865 1161 den rh. ut Quitt. hiebey
2891 1078 4460 1250 Idest 25. f
2869 1379 4056 1521 Den 20. dito Zahlte Ich der Hochw.
2855 1518 4045 1608 Frawen Anna Iacobina von Ques
2855 1605 3953 1692 tenberg obristin in den Iung
2854 1690 3950 1795 frawen Closter bey den Himel
2869 1771 4010 1867 Porten alhie das von denen bey
2872 1863 4040 1956 Gem. Statt anligenden vnd den 20.
2877 1949 4026 2056 Februarii Anno etc. 1672. durch Weyl.
2866 2048 4039 2140 Frawen Anna Catharina Glöckherin
2850 2136 3989 2233 gebohrner Kluegin Wittib seel.
2862 2224 4027 2319 paar dargelichene Folgents aber
2877 2316 4035 2418 auf der selben Leiblichen bruedern
2874 2417 3976 2496 herrn ferdinandt Kluegen ge
2866 2495 4070 2622 haimben hoff Canzley Registratori etc.
2863 2590 4038 2693 Erblich gedigenen 3 f Capital
2868 2695 3938 2776 welche bemelten Iungfrawen
2872 2763 3980 2869 Closter Völlig cediert vnd über
2882 2847 4012 2952 Lassen worden anheunt Zue Fünff
2867 2951 4027 3043 pro Cento dauon verfallene Iahrs
2856 3038 4019 3132 Interesse mit Ain hundert vnd
2849 3127 4019 3216 Funfftzig Gulden rh. Inhalt
2840 3211 4055 3327 Quitt. original Cession Vidimier
2927 3431 3853 3680 Latus per Se.
