4870 4053
673 623 1983 754 berg gebohrner Hampelin das von
671 739 2000 839 Ihren anligenden 1. f Capital den 1.
672 830 1929 935 dis Verfallene halb Iahrige Interesse
687 930 1970 1014 mit Fünff vnd Zwaintzig Gul
680 1012 1932 1139 den rh. auf Ihr Quittung hiebey
1597 1030 2297 1208 Idest 25 f.
646 1297 1963 1469 Den 5. Februarii Zahlte Ich vorge
656 1464 1957 1557 dachten herrn Grundemann etc in ab
659 1553 1980 1665 schlag der Chaosischen Interesse auf das
679 1655 1979 1755 1673.te Iahr benentlichen Zway hun
669 1753 1981 1872 dert Gulden rh. Crafft Quittung
663 1819 2315 1965 hiebey Idest 200 f.
674 2072 1938 2237 Den 8. dito Zahlte Ich herrn Tobia
692 2227 1997 2333 Pockhen burger vnd Mahlern alhier
685 2323 1936 2425 das von seinen anligenden 1200 f
708 2414 1915 2526 Capital anheunt verfallene halb
708 2518 2016 2627 Iahrige Interesse mit dreyssig Gul
694 2620 1915 2751 den rh. Lauth Quittung hiebey
722 2698 2299 2858 Idest 30 f
669 3007 1906 3172 Ingleichen Zahlte Ich der Maria
707 3156 2008 3276 Hündlin Wittib das von Ihren an
700 3258 1996 3403 ligenden 1. s Capital anheundt Ver
827 3525 1720 3769 Latus 255 f.
2826 552 3946 697 fallene halb Iahrige Interesse mit
2831 689 4034 787 Fünff vnd Zwaintzig Gulden
2897 787 3814 873 rh. Vermög Quittung hiebey
2931 817 4442 982 Idest 25. f
2832 1092 3973 1242 Den 9. dito Zahlte Ich herrn Iohann
2857 1244 3953 1331 Niclas Claaen des Innern Statt
2844 1333 3959 1422 Raths vnd der hauß armen Leuth
2859 1420 4001 1509 Laadt Verwaltern etc. in abschlag der
2844 1504 4022 1601 Laadt auf dis Iahr Verfallenen In
2831 1593 4042 1689 teresse benentlichen drey hundert
2859 1684 4044 1790 vnd Zehen Gulden rh. Inhalt
2860 1759 4494 1916 Quittung hiebey Idest 310 f
2796 1964 4030 2175 Den 10. dito Zahlte Ich dem Chris
2831 2173 4014 2272 toph Angermüller vnd Geörg Ca
2803 2267 4019 2363 spar Wussin beede burger. Goldt
2807 2357 4028 2458 schmiden alhie das der Michael die
2828 2451 3928 2548 trichischen Kinder Verordneten
2822 2546 3985 2635 Gerhaben das von der Kinder an
2820 2635 3982 2720 ligenden 2 f Capital den 23.
2804 2720 3999 2830 Decembris Anno etc. 1673. Verfallene
2803 2822 4018 2919 halb Iahrige Interesse benentlichen
2812 2917 4015 3035 Fünffzig Gulden rh. auf Ihr
2801 3008 4538 3179 Quitt. hiebey Idest 50 f.
2761 3197 4014 3385 Ebenmessig Zahlte Ich der Maria
2985 3479 3853 3731 Latus 385 f.
