4861 4057
760 586 1909 744 800. f Capital den 7. dis Ver
742 740 1946 839 fallene Iahrs Interesse mit VierZig
724 833 1855 956 Gulden rh. ut Quitt. hiebey
749 873 2308 1039 Idest 40 f.
718 1132 1910 1306 Dann Zahlte Ich herrn Andreen Wun
727 1310 1952 1404 derlich vnd herrn Michael dallern
741 1400 1929 1487 als Weyl. herrn Andreen Pichlers
740 1489 1894 1574 see. nachgelassenen Kindern Ver
737 1573 1860 1658 ordneten Gerhaben das von der
748 1658 1920 1742 Kinder anligenden 13500 f. Ca
727 1740 1925 1840 pital den Letzten 9bris Anno etc. 1763
743 1829 1906 1925 verfallene halb Iahrige Interesse
746 1917 1961 2012 mit drey hundert Siben vnd
735 1994 1982 2109 dreyssig Gulden 4 s d. A st Ihr
748 1992 2336 2205 Quittung hiebey Idest 337 f 4 s
722 2283 1930 2504 Den 24. Ianuarii Zahlte Ich Fr.
745 2492 1952 2593 Iustina Vrsinii hieuor dietmayrin
727 2588 1898 2681 das von Ihres Söhnls anligenden
752 2681 1924 2782 1 f. Capital den 26. Decembris
747 2777 1949 2872 Anno etc. 1673. Verfallene Iahrs Interesse
754 2861 1883 2960 mit Funftzig Gulden rh.
740 2954 1632 3060 gegen Quittung hiebey
736 2966 2296 3164 Idest 50 f.
700 3195 1841 3430 Den 27. dito Zahlte Ich herrn
880 3555 1833 3788 Latus 427. f 4 s d.
2833 546 4019 675 Reinhardten Wallner des Aussern
2822 675 3983 766 Raths vnd Spitlmaistern der Al
2810 761 4004 857 hiesigen Burgerspital das von des
2816 853 4004 938 armen hauß anligenden 405. f. Ca
2792 933 4055 1021 pital den Lezten Decemb. Anno etc. 1673.
2796 1018 4047 1101 verfallene Iahrs Interesse mit Zwain
2799 1101 4058 1203 Zig Gulden 2. s d. Inhalt Quitt.
2801 1169 4600 1316 hiebey Idest 20. f. 2 s d.
2803 1405 4014 1539 Ingleichen von denen den 9. Iulii
2831 1536 3982 1614 Anno etc. 1664. angelegten 300 f. den
2816 1612 4064 1711 Letzten Decemb. Anno etc. 1673. Verfallene
2805 1698 4064 1785 Iahrs Interesse mit Funff Zehen Gul
2821 1782 3955 1881 den rh. Lauth Quittung hiebey
2842 1855 4405 2011 Idest 15 f.
2760 2067 4016 2192 Ebenmessig von denen den 11. 8bris
2776 2186 4032 2272 Anno etc. 1663. angelegten 1 f. den Lezten
2769 2266 4035 2364 Decemb. Anno etc 1673. verfallene Iahrs
2785 2355 4056 2445 Interesse mit FunffZig Gulden rh.
2806 2442 4483 2604 vermög Quitt. hiebey Idest 50 f.
2693 2677 4011 2836 Gleicher gestalten von 275 f Ca
2764 2835 3958 2930 pital den Letzten Decembris Anno etc.
2772 2923 3937 3024 1673. Verfallene Iahrs Inter
2753 3021 3979 3122 esse mit drey Zehen Gulden
2769 3113 3919 3231 6 s d. Crafft Quittung hiebey
2776 3202 4611 3386 Idest 13. f 6 s d.
2908 3464 3615 3704 Latus 99. f.
