4879 4034
685 562 2003 733 4 f Capital anheunt verfallene Iahrs
689 723 1939 813 Interesse mit Zway hundert Gul
668 814 1752 935 den rh. Crafft Quit. hiebey
685 829 2311 1001 Idest 200 f.
653 1107 2010 1259 Ebenmessig Zahlte Ich der WolErw.
645 1255 2028 1351 Frawen Obristin bey St. Lorenzen alhie
648 1342 1997 1437 das von Ihren anligenden 5 f Capital
656 1438 1986 1538 den 14 dis verfallene Iahrs Interesse
681 1529 2024 1625 mit Zway hundert vnd FunffZig
665 1622 1996 1739 Gulden rh. auf Ihr frawen Quittung
678 1662 2332 1833 hiebey Idest 250 f.
647 1911 2024 2118 Den 21. Ianuarii Zahlte Ich denen P. P.
689 2109 2028 2203 Augustinern bey vnser Lieben Frawen
702 2206 1986 2292 Loretha alhie das von Ihren anligenden
707 2292 1995 2395 Altwingischen 5 f Capital Wolff
724 2389 2020 2493 Röpplischen 500 f. Zeterischen 500 f.
708 2493 1965 2579 dann Argunentischen 500 f den
707 2579 2008 2682 Lezten Decemb. Anno etc. 1673. Verfallene
705 2668 2008 2768 halb Iahrige Interesse dann Pisozichen
715 2768 2004 2861 1200 f. anheunt verfallene halb Iahri
700 2857 1966 2961 ige Interesse Inhalt Ihrer Quitt. aber
703 2954 2003 3045 hiebey Zuesamben benentlichen Ain
705 3046 1962 3145 hundert Zway vnd Neun
705 3139 1862 3256 Zig Gulden 4 s d.
767 3162 2357 3407 Idest 192 f 4
845 3521 1833 3769 Latus 642 f 4 s d.
2853 398 4050 666 Den 22. dito Zahlte Ich der Lu
2864 674 4104 777 cia Carlonin gebohrner Raideggin
2862 775 4051 876 Wittib das von Ihren anligenden
2876 872 4056 977 600. f Capital den Lezten 9bris
2870 968 4047 1064 Anno etc. 1673. verfallene Iahrs Inter
2858 1058 4088 1155 esse mit dreyssig Gulden rh.
2874 1126 4517 1290 auf Ihr Quitt. hiebey Idest 30 f.
2857 1402 3955 1542 Den 23. dito Zahlte Ich herrn
2864 1542 4029 1634 Lorenzen Habereln Thumbherrn
2844 1634 4020 1723 das von denen anligenden Zaha
2843 1725 4035 1816 ria Prennerischen 1200 f Capital
2861 1816 3998 1907 anheunt verfallene halb Iahrige
2857 1908 4120 2013 Interesse mit dreyssig Gulden rh.
2849 1996 4494 2154 Lauth Quitt. hiebey Idest 30. f.
2810 2229 4039 2382 Ebenmessig Zahlte Ich herrn Andreen
2830 2370 3991 2477 Speckhl des Aussern Raths das
2844 2482 3915 2570 von seiner Kinder anligenden
2846 2558 3996 2675 1600 f Capital den 18. dis Ver
2814 2657 4039 2759 fallene Iahrs Interee mit Achzig
2819 2755 4039 2862 Gulden rh. auf sein Quittung hie
2827 2826 4527 2991 bey Idest 80. f.
2814 3101 3973 3234 Ingleichen das von denen Ihme
2842 3224 4084 3359 Cedierten Fordinandt Pfeifferischen
2943 3452 3781 3724 Latus 140 f.
