4878 4042
734 605 1939 756 Zillerin aniezo Sonn Leuthnerin
755 748 1903 848 das von Ihren anligend anheunt
766 846 1857 950 aber bezahlten 450 f Capital
759 943 1861 1045 Ruckhstendig geweste Neun
740 1036 1973 1147 Gulden 6 s. 10 d. Interesse auf
761 1036 2363 1266 Ihr Quitt. hiebey Idest 9 f. 6 s 10 d
745 1440 1971 1595 Den 13. Februarii Zahlte Ich Ihrer
760 1593 1857 1683 Hochwürden herrn Hieronymo
745 1679 1949 1762 Probsten Zue S. Dorothea etc. das
752 1760 1862 1853 wegen der Martin Tüffnerischen
747 1850 1923 1951 Stüfftung den 2. dits Vorfallene
750 1947 1978 2045 Iahrs Interesse mit Sechzig Gul
720 2038 1931 2151 den rh. Inhalt Quittung hiebey
752 2094 2284 2251 Idest 60 f.
743 2331 1921 2505 Den 17. dito stelle Ich auch auf
769 2501 1865 2595 mein Quittung hiebey ain das
761 2594 1948 2684 mir anheunt von meinen bey Gem.
739 2663 1925 2779 Statt anligenden 1200. f. Zue 5.
741 2766 1976 2878 pro Cento Verfallene Iahrs Inter
717 2856 2003 2988 esse mit Sechzig Gulden rh.
755 2935 2318 3105 Idest 60 f.
720 3178 1930 3343 Ingleichen Zahlte Ich herrn Geörg
761 3315 1986 3454 Münzer der H. Schrifft Doctori
816 3527 1942 3779 Latus 129 f. 6 s. 10 d
2877 544 4092 681 vnd Chormaistern das von denen
2863 678 4111 769 anligenden Zacharia Prennerischen
2854 766 4094 870 1. Capital den 12. dis Verfallene
2844 859 4107 957 Iahrs Interesse mit Funffzig Gul
2849 957 3934 1074 den rh. Crafft Quitt. hiebey
2864 1036 4581 1193 Idest 50. f.
2826 1273 4066 1440 Ebenmessig Zahlte Ich herrn Corbi
2831 1431 4010 1520 nian Vrban Aydinger Leuiten
2832 1511 4113 1605 bey St. Stephan die mit Quatember
2813 1599 4040 1702 Fasten wegen des Beneficii S. S.
2827 1671 4119 1789 Trinitatis Verfallene Zwaintzig
2809 1784 4110 1899 Gulden rh. vermög Quittung hie
2840 1889 4560 2061 bey Idest 20 f.
2786 2145 4044 2302 Ietz Simili wegen der All täglichen
2832 2300 4053 2395 H. Mess ad Saluatorem die mit
2830 2389 4096 2479 Quatember Fasten Verfallene Zway
2842 2479 4046 2582 vnd Sechzig Gulden 4 s d.
2863 2580 4661 2752 ut Quittung hiebey Idest 62. f 4 s d.
2781 2758 4066 2979 Dann Zahlte Ich herrn Paul Framkhen
2799 2969 4053 3064 des Aussern Raths vnd Ober Rat
2785 3061 4088 3159 tern bey St. Marx das von des armen
2781 3158 4038 3286 hauß anligenden 300. f Capital
2919 3417 3843 3682 Latus 132 f 4 s d.
