4880 4045
779 585 1992 736 Niclas Claaen des Innern Statt
778 729 1925 828 Raths vnd der hauß armen Leuth
776 823 1927 907 Laadt Verwaltern das von denen
763 912 1956 1008 den 5. Augustii Anno etc 1673. auß der
764 1008 1964 1102 Plaichs hiernischen verlassenschafft
755 1094 1953 1189 der Laadt angelegten 2. f Capital
767 1181 1896 1283 biß Lezten Decembris auf 4.
773 1275 1932 1365 Monnath 26. täg Verfallene Interesse
764 1360 1960 1447 mit Vierzig Gulden 4 s d vnd
760 1439 1747 1542 13 d. Crafft Quittung hiebey
956 1440 2350 1620 Idest 40 f 4 s 13
763 1753 1970 1904 Dann Zahlte Ich herrn Nicolao Mezen
777 1897 1922 1989 vnd herrn Iacoben Wolschlager als
745 1980 1967 2085 Valentin Lehnerischen Gerhaben das
771 2084 1967 2181 von denen bey Gem. Statt anligenden
761 2170 1939 2275 Valentin Lehnerischen 2150 f Capi
752 2270 1900 2378 tal den 5. Febr. dis Iahr Ver
749 2365 1883 2467 fallende Interesse gust ein Iahr mit
729 2452 1955 2549 ain hundert hundert vnd Siben
714 2539 1897 2652 Gulden 4 s d. auf Ihr Quittung
737 2540 2339 2745 hiebey Idest 107 f 4 s d.
721 2844 1955 3089 Den 1. Februarii Zahlte Ich frawen
763 3058 1873 3162 Helena Grießlerin gebohrner
763 3142 1931 3252 Ottin das von denen bey Gem. Statt
759 3237 1907 3334 anligend vnd Ihr frawen Zuege
750 3315 1971 3440 hörigen Matthia Ottischen 1426 f
880 3577 1919 3808 Latus 148 f - s. 13 d.
2830 517 4111 691 Capital den 23. Ianuarii Verfallene
2834 683 4097 778 Iahrs Interesse mit Ain vnd Siben
2805 776 4059 870 Zig Gulden 2. s. 12. d. auf Ihr
2824 868 4131 971 Quittung hiebey datiert 23. Ianuarii
2842 946 4660 1118 Idest 71 f 2 s 12 d.
2810 1186 4063 1335 In Simili das von denen anligenden
2842 1335 4040 1428 Abrahamb Ruterolffischen 746. f
2818 1424 4077 1528 Capital das den 17. Ianuarii Verfal
2804 1515 4056 1611 lene Iahrs Interesse mit Siben vnd
2800 1613 4129 1728 dreyssig Gulden 2 s 12 d. gegen
2825 1720 4692 1883 Quittung hiebey Idest 37 f 2 s 12 d.
2803 1977 4065 2125 Den 3. dito Zahlte Ich Ihrer gnaden
2816 2124 4060 2221 herrn Adam Antorii Grundemann etc.
2815 2215 4024 2326 von Falckhenberg etc. Alß Frey herr
2812 2304 4111 2413 Chaosischen Executori Testamenti
2822 2409 4102 2499 in abschlag der auf das abgewichene
2829 2494 4083 2591 1673.te Iahr Verfallenen vnd noch
2824 2583 4108 2684 Ausstendigen Interesse benentlichen ain
2812 2687 4112 2802 hundert vnd funffzig Gulden rh.
2784 2786 4559 2956 Inhalt Quittung hiebey Idest 150. f
2779 2982 4100 3213 Den 4. dito Zahlte Ich Frawen Bar
2814 3200 4105 3316 bara Lucretia Leopoldin von Lewen
2935 3415 4050 3676 Latus 258 f 4 s 24 d.
