4868 4042
674 576 1883 753 Nicht weniger von 100. f. so Anno etc.
735 743 1889 835 1659. angelegt worden das mit
731 832 1979 925 obigen dato Verfallene Iahrs Inter
737 921 1989 1020 esse mit Fünff Gulden rh. gegen
736 961 2306 1118 Quittung hiebey Idest 5. f.
676 1198 1962 1366 Mehr von andern 100. f. mit Lezten
717 1359 1989 1453 Decemb. Anno etc. 1673. Verfallene Iahrs
737 1447 1910 1535 Interesse mit Fünff Gulden rh.
735 1478 2308 1636 gegen Quitt. hiebey Idest 5. f.
721 1717 1983 1858 In Simili von 300. f. so Anno etc. 1652. an
719 1851 1981 1947 gelegt worden Ein wie oben verfallene
722 1938 1950 2033 Iahrs Interesse mit FunffZehen Gul
720 2022 1905 2125 den rh. auf sein Quittung hiebey
784 2056 2298 2228 Idest 15 f.
727 2252 1949 2424 Dann von denen Schenckhenaderischer
760 2409 1963 2504 1 f Capital den Lezten Decembris
750 2496 1993 2588 Anno etc. 1673. Zue 6. pro Cento Verfallene
742 2579 1927 2670 Iahrs Interee mit Sechzig Gul
733 2665 1803 2771 den rh. Lauth Quittung hiebey
776 2688 2325 2864 Idest 60 f
716 2953 1986 3118 Item von Peter Pfabenschwanzischen
740 3099 1967 3206 200 f. ain Iahrs Interesse mit Zehen
724 3180 1984 3324 Gulden rh. ut Quittung hiebey
746 3270 2320 3434 Idest 10 f.
893 3558 1679 3782 Latus 95 f.
2803 501 4059 681 Ferrer von 600. f. ain Iahrs Inter
2821 676 4013 769 esse mit dreyssig Gulden rh.
2853 765 3757 868 auf sein Quittung hiebey
3066 830 4430 978 Idest 30. f.
2815 1027 3984 1174 Ebensfahls von 250 f. den 20.
2808 1175 4040 1268 7bris Anno etc. 1673 Verfallene Iahrs
2832 1259 4124 1350 Interesse mit Zwölff Gulden 4 s d
2839 1322 4603 1486 ut Quittung hiebey Idest 12 f 4 s d.
2836 1571 4037 1719 Dann von 2000 f. den 22. Aug.
2852 1712 4023 1811 Anno etc. 1673. verfallene Iahrs Interesse
2851 1812 4065 1904 mit Ain hundert Gulden rh.
2851 1893 4507 2048 Lauth Quittung hiebey Idest 100 f.
2793 2164 4016 2309 Leztlichen von 3000. f. den 5.
2802 2309 4067 2414 Decemb. Anno etc. 1673. verfallene Iahrs
2826 2408 3970 2492 Interesse mit Ain hundert vnd
2836 2495 4025 2588 FunffZig Gulden rh. gegen
2827 2568 4500 2737 Quittung hiebey Idest 150 f.
2786 2824 4053 2988 Den 29. Ianuarii Zahlte Ich herrn
2815 2978 4067 3083 Caspar Pazinger des Aussern Raths
2820 3077 3974 3178 vnd Ober Raith handlern das von
2801 3179 3989 3313 denen anligendten Hanß Rauchischen
2885 3415 3878 3705 Latus 292 f 4 s d.
