4889 4039
762 632 1906 761 ten Testaments Extract herrn
777 766 1939 849 Kluegens anbringen vnd berath
750 850 1934 954 schlagten OberCamer Ambts be
762 900 2300 1051 richt hiebey Idest 150. f.
732 1165 1908 1333 Ingleichen Zahlte Ich Frawen Io
782 1331 1967 1411 hanna Maximiliana Weidnerin
778 1412 1915 1498 Wittib das von Ihrer Kinder
761 1488 1954 1588 anligenden 7. f Capital anheunt
766 1578 1976 1680 verfallene halb Iahrige Interesse mit
768 1677 1980 1765 ain hundert Funff vnd Siben
729 1769 1996 1873 Zig Gulden rh. Lauth Quitt.
744 1804 2329 1967 hiebey Idest 175. f.
782 2090 1883 2227 Den 22. Februarii Zahlte Ich
790 2228 1933 2315 herrn Augustin Hierneyst etc. das
794 2317 1951 2399 von seinen anligenden 1. f Capital
788 2394 1953 2486 anheunt verfallene Iahrs Inter
770 2481 1980 2575 esse mit Funffzig Gulden rh.
770 2546 2326 2699 Crafft Quitt. hiebey Idest 50. f.
783 2813 1847 3022 Dann Zahlte Ich dem Sebastian
783 3005 1893 3107 Parth burgern alhie das von
776 3098 1964 3203 seinen anligenden 1 f Capital an
783 3174 1962 3289 heunt Verfallene ½ Iahrs mit Fünff
794 3265 1962 3374 vnd Zwaintzig Gulden rh. Ver
764 3291 2328 3461 mög Quittung hiebey Idest 25 f.
899 3587 1672 3794 Latus 400. f.
2846 389 4050 679 Den 23. Februarii Zahlte Ich Ihrer
2845 676 4027 761 Hochw. herrn Geörgen Reischen Thumb
2824 766 4071 849 dechanten alhie das von denen anligenden
2831 843 4021 938 Zwergerischen 500 f Capital den 16.
2844 929 4008 1026 dis Verfallene halb Iahrige Interesse
2856 1022 4010 1114 mit Zwölff Gulden 4 s d. ut
2833 1075 4626 1243 Quittung hiebey Idest 12 f 4 s d.
2831 1333 4023 1478 Ebenmessen Zahlte Ich mehr hochge
2817 1472 4007 1569 dacht Ihrer Gnaden herrn Grunde
2827 1553 4023 1648 mann etc. den Rest der von denen an
2848 1629 4069 1734 ligenden Chaosischen 200 f Capital
2873 1742 4035 1832 mit Endt Decembris Anno etc. 1673. Zue
2848 1823 4032 1933 Fünff pro Cento Verfallene Iahrs
2855 1914 4067 2021 Interesse über vnderschidlich gelaiste
2852 2011 4049 2111 abschlags beZahlung mit Ain Tau
2835 2103 4004 2203 sent Sechshundert Vier vnd
2843 2192 4067 2297 Zwainzig Gulden rh. Inhalt
2841 2264 4589 2441 Quittung hiebey Idest 1624 f
2813 2546 4061 2694 Ingleichen Zahlte Ich herrn Friderich
2829 2684 4001 2771 Müller von Lewenstein Kay. Statt
2822 2766 3996 2854 Richtern alhie das von dessen an
2851 2851 4038 2955 ligenden 6. f Capital den 22. dis
2857 2941 3982 3055 Verfallene halb Iahrige Interesse
2865 3031 4026 3127 mit ain hundert vnd Funffzig
2830 3124 3880 3225 Gulden rh. Lauth Quitt. hiebey
2878 3142 4516 3334 Idest 150 f.
2940 3432 3953 3704 Latus 1786 f 4 s d.
