4896 4047
736 581 1964 732 250. f. Capital den 24. dis Verfal
718 724 1928 813 lene Iahrs Interesse mit Zwölff Gul
707 813 1841 931 den 4 s d. ut Quittung hiebey
710 806 2372 995 Idest 12 f 4 s d.
717 1094 1908 1241 Ingleichen Zahlte Ich frawen Maria
742 1238 1883 1333 Elisabetha Wenig hofferin das von
726 1326 1906 1416 Ihren anligenden 2500 f Capital
705 1411 1966 1514 Den 18. Decemb. Anno etc. 1673. Verfallene
726 1504 1968 1599 Iahrs Interesse mit Ain hundert Fünff
739 1595 1928 1696 vnd Zwaintzig Gulden rh. aust
711 1661 2304 1824 Ihr Quitt. hiebey Idest 125 f.
707 1915 1947 2102 Den 30. Ianuarii Zahlte Ich Frawen
730 2097 1963 2191 Rosina Hollerin Wittib das von Ihren
735 2190 1948 2278 anligenden 3 f Capital den 15. dis
716 2266 1976 2364 Verfallene halb Iahrige Interesse mit
722 2359 2021 2453 Fünff vnd Sibentzig Gulden rh.
721 2398 2319 2573 auf Ihr Quittung hiebey Idest 75 f.
715 2700 1989 2877 Den Letzten dito Zahlte Ich dem Kay. Pro
730 2866 1966 2966 fesshauß alhie die auf dis Mon
721 2962 1981 3064 nath dahin gebührende Fünfftzig
729 3049 1951 3163 Gulden Allmassen Deputat
745 3145 1600 3272 Lauth Quittung hiebey
759 3201 2345 3372 Idest 50 f.
859 3513 1826 3770 Latus 262 f 4 s d.
2846 518 4017 686 Ebenmessig Zahlte Ich abermahlen
2869 690 4070 786 offt hochgedachten herrn Grundemann etc.
2884 772 4009 864 in abschlag der Chaosischen Interesse
2891 859 4005 943 auf das abgewichene 1673.te Iahr
2870 940 4066 1041 Zue handten des Ebenberger Mahlers
2876 1030 4078 1121 benentlichen Zwayhundert Gulden
2885 1083 4461 1234 rh. Crafft Quittung hiebey Idest 200 f.
2848 1338 4037 1474 Ingleichen Zue handten Michael Rütt
2887 1459 3987 1551 Praeceptoris benentlichen Ain
2882 1533 4059 1630 hundert ain vnd Funffzig Gul
2861 1630 3969 1738 den rh. Inhalt Quittung hiebey
2885 1688 4485 1853 Idest 151 f.
2781 1914 4038 2059 Gleicher gestalten Zue handten des
2887 2058 4000 2151 Kay. Stuckhgiessers benentlichen
2868 2142 4042 2234 ain hundert ain vnd Funffzig
2853 2228 3982 2345 Gulden rh. Lauth Quitt. hiebey
2885 2321 4589 2496 Idest 151 f.
2833 2534 3938 2710 Mehr Zue handten Hanß Vlrich
2855 2709 4055 2798 Höckhl Tischlers benentlichen ain
2855 2790 4091 2886 hundert vnd funffzig Gulden rh.
2859 2870 4662 3046 vermög Quitt. hiebey Idest 150 f
2813 3108 4030 3331 Eodem die Zahlte Ich herrn Iohann
2922 3489 3739 3739 Latus 652. f.
