4587 4000
749 394 2200 591 Vier schilling Pfenning Idest f. s 4. d
751 690 1856 886 Den Zwaintzigisten Decembris Zalt
769 870 1885 1017 Ich Hannß Wödrer Burger vnd Peckh
788 1005 1892 1147 alhie von Zwayen Achtl Weingarten
781 1135 1882 1287 in Flackhen ligendt den Perckhrecht auf
776 1263 1965 1419 diß ablauffende Iar in geldt ain gul
792 1383 2194 1559 den Idest f 1. s - d
773 1655 1854 1869 Eodem die erlegt auch Albrecht Öster
814 1844 1851 1987 reicher auf der laimbgrueben von ai
799 1966 1854 2110 nem viertl Weingartten in guetn
794 2076 1882 2256 Härdten ligendt den Perckhrecht auf diß
792 2213 2200 2405 Iahr ain Pfund Phenning Idest f 1 s. d
783 2537 1851 2717 Den Dreyundtzwaintzigisten dits Zalt
809 2672 1899 2822 Hannß Camerman Burger vnd Goldt
657 2912 1933 3079 Latus 2 f. 4 s. d
2669 432 3805 586 schmidt alhie von ainem Achtl Weingarten
2690 587 3814 705 in Aussern Rusten vnnd dann von Drey
2686 699 3773 829 en Achtln in Flackhen ligendt den Perckh
2677 821 3811 975 recht auf diß Iar Zway Pfundt Pfen
2690 947 4362 1110 ning Idest f. 2. s. d -
2592 1213 3717 1372 Den lesten Decembris Stell Ich alda
2684 1367 3803 1495 in Empfanng demnach verschinen Wein
2678 1491 3778 1634 lesten Ich nachuolgenden Dreyen Par
2671 1625 3784 1769 theyen den Perckhrecht vor denen Wein
2673 1772 3804 1910 gärtten abschöpffen lassen alß dem
2649 1894 3799 2048 Steffan Senngleütter bey St. vlrich
2657 2041 3766 2185 wohnhafft in abschlag seines aussten
2654 2183 3794 2311 den Perckhrechts von ainem vierttl
2650 2318 3707 2450 Weingartten in Mittern Härdten
2656 2452 3762 2590 ligendt Ain vnnd ain halben Emer Most
3454 2548 4286 2720 Idest 1 ½ E. mosst
2675 2758 3427 3016 Latus per se.
