4534 4017
2277 223 3769 763 Empfang Auff
2955 728 3426 859 den Zuetzug
2581 957 3722 1148 Den lessten Decembris Stell Ich alda
2634 1152 3678 1270 in meinen Empfang Demnach Ich von
2612 1259 3658 1384 dem Ehrnuessten vnnd füernemen herrn
2608 1378 3685 1521 Balthasern Hofer Röm. Khay. Mt etc
2626 1519 3649 1660 vnndermarschalch bey dero N.Ö. Regie
2606 1652 3613 1788 rung auß der eingebrachten Khriegs
2590 1782 3657 1906 Contribution von denen herrn vnnd
2637 1900 3626 2032 Persohnen so der Burgerlichen Iuris
2616 2029 3647 2155 diction mit vnnder worffen Zue vnnder
2606 2147 3707 2283 schiedlichmalen empfangen Benentlichen
2575 2280 3710 2421 Zwenund funftzig gulden Drey schil
2597 2414 4325 2578 ling Zehen Pfenning Idest f. 52. s 3 d 10.
2545 2894 3540 3098 Latus et Summa per se.
