4744 3977
655 487 1997 628 seel. Erben an denen wegen  Ꞥo. 113 in
672 614 2016 726 der Leopoldtstatt noch schuldigen 60 f Cap.
689 659 2316 855 in abschlag dreyßig gulden idest 30 f -
673 931 2035 1072 Den 21. dito Erlegte Veit Weltischhof
656 1070 2021 1193 fer an seinen schuldigen Maholanischen
672 1164 2067 1290 Haußkauff schilling widerumb in abschlag
679 1277 2002 1400 viertaußent vierhundert Zwainzig
695 1342 2334 1483 Gulden idest 4420 f -
633 1577 2033 1750 Den 16. Iunii Erlegte Michael Gabler
668 1733 2048 1853 tischlmaister wegen eines Inhalt beyligen
651 1839 2082 1953 den Grundtbuchs Relation per 160 f erkauff
652 1943 2074 2061 ten Grundt alß in der Braite 10 Claffter
676 2048 2044 2153 vnd in der lenge 21 Claffter an Herrn V.
667 2148 2048 2267 Salla anstossendt in abschlag Benentlichen
692 2248 2343 2383 fünfzig gulden idest 50 f.
669 2462 2021 2645 Den 27. dito erlegte auch beyligendes
699 2615 2056 2728 Anbringen vnd Berathschlagten Ober vnd
698 2724 2035 2835 Vndter Camer Ambts Bericht Herr Iohann
691 2834 2041 2938 Iacob Maurer Burger. Barbierer wegen
686 2929 2040 3051 verwilligter heraußfahrung bey seinen
709 3040 2068 3167 erkaufften Fachnerischen Hauß am hoff
685 3157 2031 3268 zu machung seiner Altonen vnd Zwar
700 3259 2018 3362 von dessen hauß Mauer herfür gegen
716 3358 1997 3488 den Plaz biß an das Cettoische HaußEkh
1189 3506 1976 3650 Lattus 4500 f
2653 494 3988 628 13 Schuch von danen biß an das Gässl
2662 624 4017 725 wordurch man in die Naglergassen
2652 720 4040 845 gehet 23 Schuch die Ihme Zur Gebühr auß
2632 830 4050 942 geworffen Sechs vnd dreyßig gulden
2648 904 4404 1065 der Reversisten den ober. Inventario idest 36 f -
2607 1113 3986 1271 Demnach vermög Beyligendt berathschlagten
2651 1261 4005 1364 Ober. vnd Vndter Camer Ambts Bericht von
2636 1362 3979 1477 Gmr. Statt Gartten der Rotte hoff ge
2624 1473 4001 1579 nandt am aussern Orth ein tail Zu er
2636 1577 3984 1689 bauung Häuser abgegeben vnd mit
2664 1661 4012 1800 nachfolgenden Partheyen für Iedem tail
2646 1786 4021 1901 Grundt so in der Braite 8 in der lenge
2661 1888 3988 2009 aber 12 Claffter Begreifft auf 200 f
2660 1994 3991 2110 tractirt worden solcher gestalt daß
2646 2112 3952 2219 gleich die helffte die andere halffte
2657 2200 4063 2317 aber gegen außgang diß Iahrs abgeführt
2656 2305 4034 2429 dargegen Ihnen 6. frey Iahr Zuegelassen
2673 2429 3966 2530 werden sollen alß erlegte hierauf den
2665 2532 3966 2646 27. Iulii Leopoldt Petorius wegen
2673 2634 3984 2753 deß Ihme überlassen vnd mit  Ꞥo. 12
2668 2723 3985 2848 Signirten Grundt in abschlag Ainhun
2693 2847 4380 2982 dert gulden idest 100 f.
2678 3079 3965 3234 Iacob Rabatschker von  Ꞥo. 11 Ain
2691 3230 4345 3378 hundert Gulden idest 100 f -
3130 3453 3870 3614 Latus 236 f -
