4745 3968
595 500 2050 659 des Hauß Liechtenstain etc wegen derselben
593 647 2044 760 über Beyligendt Berathschlagten Ober Cam
567 757 2054 863 mer Ambts Bericht sambt dreyen Beylagen
588 863 2024 982 von Einem Löb. Statt Rath bewilligter
571 971 2014 1094 heraußsezung der Haußthor in die 5
560 1085 2047 1211 Schuch auf die Gassen gegen den Spänischen
553 1197 2056 1311 Hauß über die Zur Gebühr ausgeworffene
549 1295 2015 1433 dreyßig gulden durch Ihren Herrn bestelten
570 1366 2304 1530 erlegen lassen idest 30 f -
563 1622 1943 1765 Den 27. dito Erlegte fr. Maria
568 1757 2017 1884 Gundianin auf Beyligendes Anbringen
579 1859 1981 1993 vnd Berathschlagten OberCamer Ambts
585 1965 1973 2087 Bericht wegen von Einen Löb. Statt Rath
574 2072 1982 2177 mit gewissen außbedingten Conditionen
557 2173 1905 2287 Ihr käufflich überlassenen Zwingers
566 2274 1987 2392 welcher an die hoche Bruckhen Zwischen Ihren
559 2384 1960 2496 Hauß zum weissen Lämpel auf ge
523 2492 1898 2621 dachter Hochenbrukhen dan denen
542 2611 1927 2746 gegen dem tieffen Graben stehenden
546 2743 1965 2852 Andre Hinzmanisch vnd Bartlme
548 2848 1960 2972 Seyererischen Häusern befindlich so
563 2970 2006 3077 in der lenge 10 ½ Claffter in der Braite
540 3073 1983 3185 aber am obern orth 10 vnd vndtenher
552 3180 2050 3312 8 Schuech in sich enthaltet die darfür trac
552 3190 2341 3444 tirte Fünf vnd zwainzig gulden idest 25 f
918 3457 1888 3569 Latus 55 f -
2714 405 4036 611 Den 3. Sept. Erlegte Iohann Conrad
2663 605 4005 726 Strauman Schlosser alß welchen Bey den
2676 718 4074 838 Altem Rottenhoff von denen gebauten Häußln
2685 802 4027 942 No. 14 per 850 f Kaufflich überlassen
2698 937 4015 1047 worden in abschlag Benent. vierhun
2678 1036 4407 1175 dert gulden laut Quitt. bey der idest 400 f
2710 1138 3752 1243 Susana tamerin Ambts Anzaigen
2646 1304 3972 1442 Den 13. dito Erlegte Martin Poser
2678 1434 4017 1553 wegen obgedachter perspection Mauer
2683 1546 4016 1706 in abschlag fünf vnd zwainzig gulden
3721 1679 4436 1835 idest 25 f -
2650 1848 3996 1998 Den 10. 9br. Erlegte Lucas Graff
2666 2002 3960 2125 Burg. Kuchelgarttner wegen auf
2665 2110 3982 2225 berathschlagten 9br. vnd Vndter Camer
2672 2215 3978 2330 Ambts bericht sambt Zwey Beylagen
2661 2321 4037 2464 hiebey Zu seinen Zweyen Hausern vndter
2666 2460 4026 2570 denen Weisgarbern gegen der donau
2659 2566 3995 2685 abgegebenen öeden Grundts alß Zu
2664 2682 4020 2800 ainen Hauß in der lenge 22 vnd Zu
2666 2795 3941 2918 den andern 19. dan 2 braite Iede
2678 2914 4030 3037 2 ½ Claffter in allen aber 46 Claffter
2672 3031 3971 3153 iede per 15 t Zusamben Aiff gulden
2687 3150 4525 3290 4 s idest 11 f 4 s
2913 3361 4010 3557 Latus 436 f 4 s -
