4754 3962
714 560 1999 719 der an heuer auß Gmr. Statt 6/4
705 702 2064 822 Weingartten am Pisenberg gefexneten
701 813 2047 929 120 Emer Lautern die Gmr. Statt
677 926 2066 1048 Zum Viertl thail gebührendte 30 Emer
683 1036 2022 1157 für Ieden nach den Heürigen Zehnt 3 f
706 1136 2010 1266 30 kr Zusamben Ainhundert fünf
702 1253 2309 1390 gulden Inhalt Atton idest 103 f -
915 1484 1587 1634 Latus Per Se
658 1882 2019 2051 Suma Empfang von der weinfexung
657 2029 2012 2152 Benent. fünfhundert fünf vnd vier
639 2144 1280 2284 tzig gulden 6 s
1080 2385 1894 2560 545 f 6 s
2820 260 3889 618 Empfang
2725 610 3901 736 Vmb verkauffte Haußer vnd
2936 730 3596 841 Öede Gründt
2693 922 3923 1085 Den 4. Febr. 1701 Erlegt Adam
2656 1082 3983 1213 Fischmüller Burger. Wagner an denen
2673 1200 4031 1314 wegen Ꞥo. 40 in der Leopoldtstatt Zube
2648 1317 4034 1431 zahlen habenden 1200 f abermahl in ab
2660 1424 4387 1565 schlag dreyßig gulden Idest 30 f -
2667 1661 3955 1805 Den 19. Martii Erlegte Bartlme
2663 1796 4005 1915 Hueber wegen seiner vndter Ꞥo. 61et
2672 1916 3928 2041 62 in der Leopoldtstadt inhabendten
2661 2023 4022 2135 Häußern die am Kauff Restierendt
2647 2128 4244 2272 geweste Sibenhundert gulden idest 700
2695 2362 3985 2533 Den 2 April Erlegte |:titl:| Vil Max
2672 2519 3981 2632 Antonio V. Salla Kay. hoff Cam
2646 2636 3998 2741 mer Rath vmb einen von denen Schrey
2645 2739 3932 2855 voglischen äckhern ausser der Ioseph
2681 2852 3921 2957 Statt von Gmr. Statt erkaufften
2668 2953 4016 3074 Grundt Zu erbauung Zweyer Hauser
2687 3069 3953 3174 welcher in der Obern Braiten gegen den
2679 3172 3987 3289 Larchfeldt 21 Claffter die ausser lenge
2680 3288 3940 3413 durchauß 125 Claffter vnd in der
2955 3468 3879 3703 Lattus 730 f -
