4717 3959
636 384 2045 602 Den 28. dito Martin Paser wegen  Ꞥo.
663 570 2265 718 10 in abschlag Ainhundert gulden idest 100 f -
653 709 2005 821 mit disem ist absonderlich wegen einer
635 813 2028 933 auf sein Grundt stehenden Mauer auf
637 920 2041 1042 75 f tractiert worden welche Er auch noch
674 1022 1278 1152 Abzuführen hat.
637 1180 1908 1333 Christoph Pnauer erlegt wegen  Ꞥo. 9.
665 1278 2268 1456 in abschlag Ainhundert gulden idest 100 f -
648 1495 2035 1635 Christoph Schneider von  Ꞥo. 8 in abschlag
675 1593 2265 1755 Ainhundert gulden idest 100 f -
649 1789 2038 1932 Andreas Räusch wegen  Ꞥo. 7 in abschlag
677 1901 2269 2053 Ainhundert gulden idest 100 f -
630 2114 2050 2264 Den 29. dito Simon Mistler wegen
674 2231 2290 2393 No. 6. in abschlag Ainhundert gulden idest 100 f -
622 2421 2004 2571 Hannß Michael Helffer von  Ꞥo. 3  et 5
678 2552 1934 2659 für sich vnd seinen Brueder in abschlag
679 2614 2292 2789 Ainhundert vnd fünfzig gulden idest 150 f -
660 2845 1968 3012 Den 6. Aug. Leontius Eneser wegen
709 2999 1974 3144 Ꞥo. 4 in abschlag Ainhundert gulden
1751 3059 2311 3218 idest 100 f -
593 3217 1928 3353 Ferer ist bey den aussern thor gegen
724 3346 1983 3471 der Ioseph Statt im Kuhel Gartten
1169 3488 1934 3653 Lattus 750 f -
2650 491 4079 651 Hereinwerts gegen den Zigloffen in der
2635 637 4075 746 Braite vnd lenge iedes 8 Claffter dene
2611 742 4097 863 Iohann Wolff Paumhäckhl per 160 f über
2605 856 4113 970 lassen worden welcher auch den 29 Iulii
2650 963 4446 1125 in abschlag entricht Achzig gulden idest 80 f -
2611 1213 4135 1360 Desgleichen ist dem Herrn Christian Graub
2651 1352 4087 1462 Mallern Bey Gemr. Statt Zieglofen auf
2648 1459 4121 1569 der Wyden ein Grundtabgemossen worden
2650 1558 4102 1668 nemblich in der lenge neben Herrn Neü
2636 1668 4087 1784 per 43 Claffter 3 Schuch die an der
2661 1782 4098 1896 lenge neben dem Stephan Pepperl Mel
2647 1892 4132 2018 messren vnd Gmr. Statt Ziglöfen Grundt
2641 2014 4126 2117 52 Claffter dan die vndtere Braite an ge
2617 2117 4099 2236 melten Zieglofen Grundt 11 Claffter 4
2647 2227 4082 2341 Schuch vnd gegen der Gassen die Braite
2650 2334 4100 2463 9 Claffter 2 Schuch Zusamben 116 Claffter
2634 2454 4158 2569 3 Schuch hierumben Er dan von der helffte
2642 2564 4170 2689 alß 58 Claffter 1 ½ Schuch iede Zu 4 f mit
2626 2682 4175 2837 zweyhundert drey vnd dreyßig gulden erlegt
2667 2814 4494 2971 Laut ob allegirten Bericht idest 233 f
2604 3046 4023 3200 Den 20. dito Haben Ihro Hochfürst
2600 3183 4062 3302 Gnaden Herr Herr Iohann Adam deß
2638 3297 4033 3438 Heyl. Röm. Reichs Fürst vnd Regirer
3056 3445 3919 3581 Latus 313 f
