4710 3963
648 387 1986 615 Dan erlegte Iohann Greiner Burger.
654 606 2046 725 Kuchel Garttner wegen Zu seinen hauß
639 720 2034 832 alda abgegebenen 22 Claffter in der lenge
624 825 2045 943 vnd 2 ½ in der braite Benentlichen Sechs
642 873 2324 1059 gulden 1 s idest 6 f 1 s
593 1172 2006 1324 Den 19. dito Erlegte Susana tamerin
638 1319 2036 1434 Königl. Leibwöscherin wegen von Gmr.
635 1421 2014 1539 Statt Ziegloffen Grundt auf der Wyden
627 1526 2024 1654 Zu Ihren Hauß die Guldene Preß genandt
632 1640 2002 1750 überlassen Stuckh alß nemblich Zwischen
631 1744 2001 1867 Ihr vnd dem Melmesner 5 Claffter hin
616 1859 2016 1968 auß von denen nach Zwerch biß an Ihr
632 1963 2019 2086 aussers Planckhenckh 31 Claffter vnd
650 2072 2040 2197 von disem orth biß an das alda stehende
644 2192 2026 2306 Hauer Häußl welches dem Hauer
640 2300 2026 2422 vorbehalten 10 ½ Claffter von solchen
630 2420 1973 2536 Hauer Haußl weiter herfür biß
636 2526 2005 2653 an Ihren anderen Grundt 4 Claffter
634 2650 2060 2768 wortendter obuerstandene 10 Claffter
625 2761 1926 2884 begriffen welche von deß Hauers
621 2880 2039 2993 Weingartten darzugezogen destwegen
620 2985 1995 3101 man an seiten Gmr. Statt sich mit
615 3089 1997 3223 Ihme Zu vergleichen hat so auch Bey
613 3217 2048 3342 künfftiger übernehmung deß völligen
904 3352 1749 3496 Latus Per Se
2628 484 4057 617 Weingartten hieuor Veranlastermassen
2650 612 4098 730 beschehen kan die mit Ihr accordirte drey
2624 727 3990 867 hundert gulden Crafft Berathschlagten
2659 853 4417 979 Anbringen Idest 300 f -
2643 1084 4016 1226 Den 28. dito erlegte Michael Helffer
2666 1227 3973 1351 wegen der in der Ioseph Statt vndter
2648 1326 4073 1453 No. 3 vnd 5 übernohmen in Zwayer Gründ
2656 1443 4038 1604 ten widerumb in abschlag fünfzig gulden
3671 1553 4381 1702 idest 50 f -
2651 1685 3962 1847 Den 29. dito Erlegten Weyl. Martin
2661 1836 4007 1951 Ströb seel. Erben die von  Ꞥo. 113 in der
2653 1946 4022 2081 Leopoldtstatt noch schuldig geweste drey
2657 2066 4414 2193 ßig gulden idest 30 f -
2623 2292 3965 2450 Den lezten dito Erlegte Iohann Nieberl
2644 2446 4013 2563 die wegen  Ꞥo. 45 in der Leopoldtstatt
2637 2561 4021 2703 schuldige Neün vnd Achzig gulden völlig
2701 2658 4386 2790 idest 89 f -
2632 2881 4008 3010 Den 20. Decemb. Erlegte Andreas
2645 3006 4060 3137 Ränsch alß welchem Zu seinen noch hieuor
2650 3129 4066 3250 erkaufften Grundt im Roten hoff garten
2649 3231 4084 3359 Vndter  Ꞥo. 7. Vermög beyligendt berath
3047 3360 4064 3524 Latus 469 f
