4710 3949
621 492 1960 673 hieran Zalt selbiger in abschlag Zwey
627 625 2301 789 hundert gulden idest 200 f -
618 891 2030 1044 Den 27. dito Erlegte Andreas Ränsch
651 1038 2031 1152 die von  Ꞥo. 7. in gedachten Roten hoff
651 1147 1983 1259 Gartten noch rostirendt geweste Ain
638 1219 2316 1375 hundert gulden idest 100 f.
657 1455 2037 1657 Den 29. dito Zalte auch Christoph Penguer
683 1643 2025 1761 die von  Ꞥo. 9. noch schuldig geweste Ain
658 1720 2266 1882 hundert gulden idest 100 f
639 2003 2018 2168 Den 30. dito Erlegte Simon Mistler
644 2158 2019 2261 die wegen  Ꞥo. 6. noch schuldig geweste
659 2225 2284 2385 Ainhundert gulden idest 100 f
638 2461 2064 2650 Den lezten dito Erlegte Benedict Rueff
671 2643 1953 2772 Hueffschmidt wegen der negst deß
668 2745 1996 2872 Roten Hoff Gartten vndter  Ꞥo. 9 et 10
667 2874 1990 2998 erkaufften Zweyen Häußln an denen
666 2982 2015 3104 schuldigen 1500 f in abschlag Zweyhun
660 3016 2319 3239 den fünf vnd zwainzig gulden idest 225 f.
935 3302 1875 3428 Latus 725 f -
2635 946 4038 1117 Suma dißes Empfangs Benentlichen
2707 1100 4008 1233 Vierzehen taußent vierhundert vnd
2729 1213 3593 1356 Sibenzig gulden 5 s
2868 1438 3981 1681 14470 f 5 s -
