4732 3971
672 465 1984 610 herundtern Braite gegen die tietrich
670 603 1950 720 stainischen Garten über auch 21
684 676 2054 816 Claffter in sich enthaltet die für be
686 799 2010 919 sagten Grundt von Einen Löb. Statt
692 910 1994 1023 Rath ausgeworffene Kauff Suma
708 1008 2010 1126 mit Sechshundert gulden Inhalt
688 1112 2022 1234 Zweyer beratschlagter Grundtbuchs
690 1223 2038 1333 Handler Bericht Crafft deren auch Wohl
669 1321 2054 1447 gedachten herrn Hoff Camer Rath auf
695 1425 2030 1559 den herundtern thail gegen den tietrich
678 1532 2074 1659 stainischen Gartten ein Schanckhgerech
691 1555 2323 1784 tigkheit verwilliget worden idest 600 f.
697 1908 2054 2053 Den 7. dito Erlegte Veit Waltisch
697 2040 2062 2167 hofer Preymaister im Burgerspital
718 2139 2091 2264 an seinen wegen des von Gmr. Statt
719 2250 2064 2374 erkaufften Maholanischen Hauß am
727 2359 2147 2478 Kauff schilling noch schuldigen 21800 f
748 2418 2347 2605 in abschlag Aintausent gulden idest 1000 f.
690 2688 2014 2853 Den 16 dito Erlegte Herr Iohann
737 2838 2049 2950 Baptista Albani Kay. Regmicus
757 2943 2003 3049 vmb von Gmr. Statt ertauffter
741 3047 2024 3167 Zweyen Gründt in der Ioseph Statt
751 3151 2064 3263 ainer seits an ob wohlgedachten Herrn
750 3259 2084 3362 V. Salla anstossendt deren der in der
761 3347 2107 3463 Braite gegen die dietrichstainischen Gartten
1188 3463 1996 3622 Latus 1600 f -
2652 488 3983 625 10 Caffter 3 ½ Schuech dan in der lange
2651 611 3979 722 22 Claffter enthaltet also für Ieden 160
2648 714 3949 823 Zusamben Benent. dreyhundert vnd
2648 816 3975 942 Zwainzig gulden auf sein Anbringen
2664 928 3986 1061 vnd Berathschlagten OberCamerAmbts
2647 1031 4351 1171 Bericht hiebey idest 320 f -
2613 1265 3977 1406 Den 21. dito Erlegte obgedachter Prey
2616 1396 3972 1515 maister an seinen hauß Kauffschilling
2650 1500 3949 1625 widerumb dreytaußent vierhundert
2659 1611 4339 1750 gulden idest 3400 f -
2627 1849 3987 1996 Den 2. Maii Erlegte Andreas Stürzl
2655 1991 3982 2110 wegen eines in der Ioseph Statt Ihme
2655 2101 4009 2221 Käufflich überlassenen Lähren Grundt
2663 2211 3973 2331 negst deß Kay. Chymici so in der
2648 2321 3990 2443 Braite 10 Claffter 3 Schuech vnd in der
2659 2437 4033 2557 lenge 22 Claffter haltet an denen ver
2680 2555 3985 2667 mög Anbringen vnd Berathschlagten
2651 2669 3946 2782 OberCamer Ambts Bericht hiebey mit
2661 2779 3962 2890 Ihme tractirten 160 f in abschlag
2670 2888 3991 3013 funfzig gulden die übrige 110 f hat
2652 3007 3974 3136 Er auf Michaeli diß Iahr Zuerlegen
2687 3133 4398 3265 sich erbotten idest 50 f
2682 3269 4014 3466 Dito Erlegten Wey. Martin Ströb
3132 3514 3900 3671 Latus 3770 f -
