4731 3949
645 416 1958 609 schlagten Anzaigen von dem daran
605 600 2021 718 stossenden Kuchelgartten in der Braite
620 707 1970 830 noch ain Claffter Vier Schuch vnd in der
629 815 2038 941 lenge gegen 16 Claffter Käufflich über
597 932 2017 1052 lassen worden die hierumb accordirte
639 999 2320 1184 funfzig gulden idest 50 f -
571 1270 1999 1444 Destgleichen Erlegte Iohann Christoph Sto
645 1420 2029 1552 wasser Burger. Edlstainschneider welchen
652 1540 1996 1661 von gedachten Kuchel Gartten negst deß
640 1648 2011 1768 Ränschin der Braite 9 Claffter in der
623 1760 2002 1886 lenge aber Bey 16 Claffter per 240 f
620 1876 2001 2000 käufflich überlassen worden in abschlag
592 1971 2340 2144 Ainhundert gulden idest 100 f -
581 2226 1921 2390 Neben Ihme hat Bernhardt Groner
581 2371 2012 2505 Burger Buchbindter vorgedachte braite
610 2493 1924 2618 vnd lenge übernohmen welcher an
591 2603 1895 2724 denen tractirten 240 f in abschlag
612 2677 2325 2880 fünfzig gulden entricht idest 50 f -
593 2956 2026 3117 Ebenmessig erlegte Ich Adam Clauser
589 3112 2040 3237 Schuechmacher vmb das neben den Groner
657 3224 2070 3349 übernohmene orth in abschlag Ainhun
671 3195 2345 3436 dert gulden idest 100 f -
1004 3430 1916 3613 Latus 300 f -
2632 534 4008 677 Nicht weniger neben dem Clauser Ioh.
2662 665 4031 797 Georg Schwedler Schuchmacher in abschlag
2664 781 4328 930 Ainhundert gulden ideast 100 f
2657 1065 4001 1234 Dan Zalte Melchior Stainer Strimpff
2649 1234 3964 1348 strikher vmb den neben dem Schwedler
2668 1342 4014 1460 übernohmenen Grundt die accordirte
2657 1460 4290 1629 zweyhundert vnd vierzig gulden idest 240 f
2643 1720 3974 1872 Auch erlegt Sebastian Ruezenhamer
2652 1869 4022 1980 für den neben deß Stainer übernohmenen
2649 1965 3924 2093 Grundt die geschlossene zweyhundert
2684 2088 4379 2245 vnd vierzig gulden völling idest 240 f
2605 2305 3894 2458 Ferer seindt dem Christian Schedler
2625 2459 3954 2577 Kay. Silberwascher die an der Ca
2658 2570 3993 2697 puiner Gassen im Roten Hoff Gart
2640 2690 3925 2804 ten hieuor dem Iacob Hinterholzer
2660 2792 4007 2920 vndter  Ꞥo. 1 et 2 Verkauffte Gründt
2674 2913 4024 3031 ( welche Er Gmr. Statt widerumb Zurukh
2675 3034 3940 3148 geben ) er 500 f dan wegen eines
2670 3141 4004 3283 darauf Zutreiben Bedingten Kässtecher
2671 3282 4020 3422 Handls per 100 f überlassen worden
2921 3444 3816 3567 Latus 580 f
