5260 3861
779 590 1909 726 Ainem vnd dem Rott maister Siben
785 703 1925 808 Schiling Ain wochen beZalt macht
779 781 1924 880 die vorgemeltt 44 In Suma Ain
792 854 1944 962 hundert Neunundneuntzig gulden Ain
816 946 2498 1084 Schilling phenning Idest f 199 s 1. -
701 1159 1951 1340 Dem maister Conratten Gmainer stat
808 1316 1972 1422 prunmaister sein besoldung wochen
823 1398 1931 1509 dlich Ain phundt phenig beZalt die
831 1483 2378 1621 obgemelten 44 Wochen ꞩ f 44. -
676 1680 1937 1853 Dem Gorg Loibmair marckhrichter
814 1835 1923 1933 sein Besoldung wochendlich s 6. be
814 1909 2490 2045 Zalt die obgemelt 44 Wochen ꞩ f 33. -
705 2081 1981 2244 Dem peter plechschmidt Skhardienner
804 2225 1978 2328 Schueff B. vnd Ratt Alle wochen
815 2319 1961 2417 Zu seiner besoldung So er als Ain
812 2406 1977 2513 Sckhardienner hat Noch Ain Schilling
817 2493 1908 2613 phenning Zu geben von wegen
715 2698 1925 3047 Latus f 216 s 1. -
3305 566 4462 690 das er fuer Ander Sckhardienner mit
3302 677 4525 793 schreiben vnd In ander weg gepraucht
3287 757 4493 863 wiert die Ich her Camerer Ime dan
3275 846 4474 953 Von dem 14 Augusti biß Zu Enndt
3296 941 4455 1051 ditz 40 Iars so 20 wochen macht
3297 1031 5040 1168 beZalt ꞩ f 2 s 4. -
3202 1221 4427 1397 Dem petter prenner Stat phlasterer
3309 1371 4426 1481 sein besoldung der Zeit als er ditz
3294 1477 4524 1577 40 Iars nit gearbait oder gephlastert
3282 1556 4441 1666 Nemlich von dem 7 Marti biß Auff
3288 1651 4436 1751 den 30 Maii thuet 13 wochen vnd
3290 1743 4498 1840 nach dem Gemeltten prenner gestor
3274 1824 4496 1949 ben Ist Lienhart Streicher Angenumen
3264 1912 4471 2020 worden P. Zwo wochen nit gephlastert
3261 1999 4450 2097 Neimlich von dem 3 biß Auff den 17.
3277 2081 4428 2205 octobris macht 15 wochen fuer Aine
3275 2183 4972 2296 s 6. ꞩ f 11 s 2. -
3208 2291 4466 2449 Dem gabriellen Straubinger wiert
3262 2431 4374 2542 Auff dem Khornnerthuern sein
3278 2526 4465 2671 besoldung wochendlich vier Schiling
3291 2814 4413 3116 Latus f 13 s 6. -
