5196 3778
809 614 1914 773 Fa    f 118 s 4 11 Item von der
822 759 1940 867 Cristina Tamdlerin Is herrn Burger
846 853 1991 951 maister hauß Auff der prandstat Ain
835 932 1966 1041 Silbern vergulden khopff hat gewegen
804 1017 1977 1120 Viermarckh Ain Lat Ain halbs des
824 1104 1920 1200 Marckh per f 20 sindt die 1½ Latt
811 1187 1949 1283 dareih gerechnet thuet f 80. Obge
837 1280 1966 1379 melts silber geschier Alles Ø In
813 1363 1955 1467 Ainer Suma f 318 s 4 d 11. Ist
798 1445 1948 1547 Von Burgermaister vnd Ratt ver
824 1534 1921 1635 schenckht worden Neimlich herrn
842 1616 1909 1714 Hannsen Hoffman der Ro. Kho.
843 1703 1980 1795 Mt. etc khaimister Rat vnd Obrister
835 1788 1994 1871 Camerer etc vnd seiner Gnaden Lieb
832 1863 1889 1953 sten Gmachel Zween khopff vnd
828 1935 1959 2037 die Obgemelt khetten die Ander Zwen
828 2019 1968 2111 khopff seindt herrn Lienhartten von
806 2105 1941 2199 Velß Auch der Kh. Mt. Khaimister
837 2191 1881 2283 ratt geschenckht worden vmb das
832 2276 1908 2363 das baitt vnser Genaidig herren
812 2358 1946 2454 Gmainer stat schachen so der Zeit bey
818 2440 1933 2528 der Khu. Mt. schweben die nit khain
831 2524 1920 2617 sein dreulich hanndlen solicitiern
829 2605 2030 2705 befuedern vnd Gmaine stat beuolchen
817 2692 2493 2836 haben wellen Idest f 378 s 4 d 11
671 2874 1399 3165 Latus per se
3071 537 4388 792 Mer hat her Camerer Maister Ambrosii dem
3214 790 4317 895 Goldschmidt Auff des herrn Burger
3238 882 4342 999 maisters mundlich beuelich Zu Ainer
3243 984 4363 1084 trinckhgelt geschenckht f 1. Vmb das
3243 1074 4376 1178 er mit Erlangung des selber geschier
3242 1156 4802 1285 bemuet gewest Idest f 1. -
3119 1311 4429 1494 Den 20. Octobris khaufft von der Cristina
3236 1475 4412 1582 taindlerin Auff der pranttstat Ir herrn
3221 1568 4359 1683 Burgermaister hauß Ain khopff hat
3230 1658 4349 1761 gewegen drey marckh 12. Latt das
3225 1755 4332 1853 marckh per 18 f. thuet f 67 s 4
3204 1846 4388 1944 Mer Ain Silbres khaindl hat gebegen
3212 1931 4354 2028 23 Lat das Latt per s 10. dauon   i
3209 2027 4294 2123 Auß der Suma f 1 nach gelasen
3205 2120 4363 2224 Also thuet das khaindl f 21 s 6.
3206 2214 4380 2315 Solich gemelt Zway klainatt hauen
3201 2306 4345 2402 Burgermaister vnd Rat In namen
3207 2397 4347 2512 der stat vnd die Auß schiß der stet
3189 2499 4330 2597 Vnd Marckht ditz Lannds Osterraich
3198 2588 4316 2718 Vntter der Enns Souil der Auff den
3160 2827 3819 3113 Latus per se.
