<?xml version="1.0" encoding="UTF-8" standalone="yes"?>
<PcGts xmlns="http://schema.primaresearch.org/PAGE/gts/pagecontent/2013-07-15">
    <Metadata>
        <Creator>prov=READ-COOP:name=PyLaia@TranskribusPlatform:version=2.27.0:model_id=364005:lm=provided:date=01_07_2025_11:14</Creator>
        <Created>2025-06-17T09:29:06.504+02:00</Created>
        <LastChange>2025-08-29T09:58:47.933+02:00</LastChange>
        <TranskribusMetadata docId="9076038" pageId="99172013" pageNr="304" status="GT" userId="261754" imgUrl="https://files.transkribus.eu/Get?id=UKGOIXKFCBUMDABHQSRKHEIT&amp;fileType=view" imageId="83207847"/>
    </Metadata>
    <Page imageFilename="99172013.tif" imageWidth="5004" imageHeight="4144">
        <TextRegion id="region_150044144" custom="readingOrder {index:0;}">
            <Coords points="0,0 2502,0 2502,4144 0,4144"/>
            <TextLine id="tl_1750855999" custom="readingOrder {index:0;}">
                <Coords points="845,823 853,833 918,841 1153,842 1504,834 1775,835 1924,827 2031,811 2035,804 2034,738 2025,731 1978,723 1902,722 1653,733 1456,719 1215,680 1177,651 1116,646 1070,650 987,673 898,710 874,734 851,746 846,759"/>
                <Baseline points="845,793 2035,793"/>
                <TextEquiv>
                    <Unicode>Den 14. Aug. Zalte ich dem herrn</Unicode>
                </TextEquiv>
            </TextLine>
            <TextLine id="tl_1750855998" custom="readingOrder {index:1;}">
                <Coords points="2116,851 2113,842 2093,836 1667,848 874,847 831,850 812,858 809,926 813,941 829,946 976,951 1269,951 1989,929 2057,924 2111,913 2116,904"/>
                <Baseline points="809,920 2116,920"/>
                <TextEquiv>
                    <Unicode>Iacoben Schwärzl oberCamer ambts</Unicode>
                </TextEquiv>
            </TextLine>
            <TextLine id="tl_1750855980" custom="readingOrder {index:2;}">
                <Coords points="2060,1031 2058,972 1962,961 1765,957 1489,959 1402,966 1285,982 1023,980 866,971 825,976 816,982 814,993 821,1012 819,1032 822,1039 861,1054 1108,1062 1217,1070 1412,1070 1483,1066 1791,1069 1871,1063 2045,1040 2057,1036"/>
                <Baseline points="814,1041 2060,1041"/>
                <TextEquiv>
                    <Unicode>Remanenzern sein den 11. diß ver</Unicode>
                </TextEquiv>
            </TextLine>
            <TextLine id="tl_1750855977" custom="readingOrder {index:3;}">
                <Coords points="2114,1047 2098,1040 1693,1073 906,1079 847,1090 835,1107 802,1118 797,1129 796,1169 804,1182 840,1187 1058,1181 1308,1182 1403,1188 1729,1188 1874,1183 2020,1157 2043,1145 2072,1139 2077,1132"/>
                <Baseline points="796,1155 2077,1155"/>
                <TextEquiv>
                    <Unicode>fallenes Viertl Iähr. Costgelt</Unicode>
                </TextEquiv>
            </TextLine>
            <TextLine id="tl_1750856000" custom="readingOrder {index:4;}">
                <Coords points="806,1190 2045,1190 2045,1307 806,1307"/>
                <Baseline points="806,1277 2045,1277"/>
                <TextEquiv>
                    <Unicode>mit Fünff vndt Zwaintzig</Unicode>
                </TextEquiv>
            </TextLine>
            <TextLine id="tl_1750856001" custom="readingOrder {index:5;}">
                <Coords points="817,1311 2072,1311 1950,1435 817,1459"/>
                <Baseline points="817,1422 2072,1422"/>
                <TextEquiv>
                    <Unicode>Gulden Inhalt quitung hiebey</Unicode>
                </TextEquiv>
            </TextLine>
            <TextLine id="line_1751010379266_1610" custom="readingOrder {index:6;}">
                <Coords points="1879,1460 1946,1514 2212,1514 2343,1471 2449,1428 2441,1302 2422,1312 2314,1317 2212,1377 1946,1377"/>
                <TextEquiv>
                    <Unicode>idest 23 f - " -</Unicode>
                </TextEquiv>
            </TextLine>
            <TextLine id="tl_1750855973" custom="readingOrder {index:7;}">
                <Coords points="815,1854 824,1864 841,1868 975,1874 1542,1876 1623,1871 1776,1872 1855,1868 1956,1853 2038,1833 2048,1826 2049,1771 2040,1755 1989,1746 1522,1766 1363,1766 1273,1758 1217,1747 1184,1728 1175,1709 1177,1668 1150,1659 1096,1658 1042,1666 958,1693 941,1709 907,1721 893,1739 867,1748 851,1777 825,1793 818,1802"/>
                <Baseline points="815,1820 2049,1820"/>
                <TextEquiv>
                    <Unicode>Den 18 dito Zalte ich dem Hanßen</Unicode>
                </TextEquiv>
            </TextLine>
            <TextLine id="tl_1750855992" custom="readingOrder {index:8;} unclear {offset:10;length:10;}">
                <Coords points="2086,1887 2082,1876 2065,1872 1976,1874 1840,1891 1759,1895 1456,1888 1269,1890 1156,1882 877,1879 824,1886 812,1893 809,1958 813,1977 845,1982 1416,1982 1538,1975 1791,1977 1896,1969 2036,1948 2048,1939 2072,1935 2084,1928"/>
                <Baseline points="809,1953 2086,1953"/>
                <TextEquiv>
                    <Unicode>Fux Rumor Cepprallen anstatt</Unicode>
                </TextEquiv>
            </TextLine>
            <TextLine id="tl_1750855996" custom="readingOrder {index:9;}">
                <Coords points="2051,1991 2048,1985 2036,1981 1731,1990 1486,1987 1354,1992 1065,1992 987,1986 902,1986 851,1993 837,2000 833,2020 833,2071 841,2078 890,2087 1105,2100 1851,2100 1996,2082 2045,2072 2051,2062"/>
                <Baseline points="833,2068 2051,2068"/>
                <TextEquiv>
                    <Unicode>eines ihme an heüer gebührendten</Unicode>
                </TextEquiv>
            </TextLine>
            <TextLine id="tl_1750855994" custom="readingOrder {index:10;}">
                <Coords points="823,2189 831,2197 910,2208 1152,2213 1257,2226 1645,2226 1795,2221 1887,2212 1981,2190 2016,2167 2023,2145 2020,2130 2013,2120 1977,2113 1915,2114 1797,2127 1726,2129 1603,2118 1428,2121 1253,2114 883,2111 824,2121"/>
                <Baseline points="823,2195 2023,2195"/>
                <TextEquiv>
                    <Unicode>Soldathen Rath das Paare geldt</Unicode>
                </TextEquiv>
            </TextLine>
            <TextLine id="tl_1750855995" custom="readingOrder {index:11;}">
                <Coords points="2131,2231 2121,2223 2027,2182 1986,2210 1560,2243 1425,2239 1273,2241 1131,2227 913,2231 866,2236 848,2244 846,2322 852,2334 1071,2336 1201,2331 1491,2336 2064,2335 2090,2330 2128,2310"/>
                <Baseline points="846,2304 2131,2304"/>
                <TextEquiv>
                    <Unicode>nach Proportion mit Acht gulden</Unicode>
                </TextEquiv>
            </TextLine>
            <TextLine id="line_1751010396973_1622" custom="readingOrder {index:12;}">
                <Coords points="872,2353 1057,2330 2027,2353 2027,2421 1763,2451 1666,2506 1227,2469 890,2451 872,2421"/>
                <TextEquiv>
                    <Unicode>3 s 26 d. vt quit. hiebey</Unicode>
                </TextEquiv>
            </TextLine>
            <TextLine id="line_1751010409481_1626" custom="readingOrder {index:13;}">
                <Coords points="1901,2439 2100,2439 2275,2331 2371,2246 2475,2219 2463,2372 2440,2404 2366,2510 2100,2525 1901,2525"/>
                <TextEquiv>
                    <Unicode>idest  8 f 3 s 26 d</Unicode>
                </TextEquiv>
            </TextLine>
            <TextLine id="tl_1750855976" custom="readingOrder {index:14;}">
                <Coords points="844,2789 847,2858 864,2867 915,2875 1900,2876 2031,2863 2045,2858 2051,2846 2050,2759 2046,2752 2030,2747 1986,2742 1815,2757 1593,2755 1415,2759 1340,2755 1289,2746 1239,2724 1223,2706 1178,2677 1130,2671 1065,2674 980,2691 962,2703 939,2709 916,2724 895,2730 877,2758 848,2775"/>
                <Baseline points="844,2824 2051,2824"/>
                <TextEquiv>
                    <Unicode>Den 29. dito Zalte ich dem herrn</Unicode>
                </TextEquiv>
            </TextLine>
            <TextLine id="tl_1750855989" custom="readingOrder {index:15;}">
                <Coords points="851,2874 2109,2874 2109,3022 851,3022"/>
                <Baseline points="851,2985 2109,2985"/>
                <TextEquiv>
                    <Unicode>Heinrich Henßen Pristern Wegen</Unicode>
                </TextEquiv>
            </TextLine>
            <TextLine id="tl_1750855993" custom="readingOrder {index:16;}">
                <Coords points="1007,3456 1014,3474 1072,3495 1210,3504 1239,3509 1964,3521 2106,3521 2143,3516 2151,3511 2164,3488 2192,3464 2198,3441 2198,3303 2191,3284 2128,3249 2103,3227 2059,3200 2012,3190 1918,3205 1883,3218 1826,3226 1794,3236 1751,3237 1666,3223 1611,3194 1579,3186 1486,3183 1235,3189 1149,3206 1067,3234 1022,3270 1013,3282"/>
                <Baseline points="1007,3540 2198,3540"/>
                <TextEquiv>
                    <Unicode>Latus 33 f 3 s 26 d</Unicode>
                </TextEquiv>
            </TextLine>
            <TextEquiv>
                <Unicode></Unicode>
            </TextEquiv>
        </TextRegion>
        <TextRegion id="region_250044144" custom="readingOrder {index:1;}">
            <Coords points="2502,0 5004,0 5004,4144 2502,4144"/>
            <TextLine id="tl_1750855970" custom="readingOrder {index:0;}">
                <Coords points="4081,631 4076,624 4035,613 3973,602 3919,586 3869,581 3506,588 3378,599 3247,601 3138,608 3002,625 2985,637 2960,646 2954,652 2951,716 2956,727 2969,729 3217,729 3566,708 3814,713 4074,675 4081,668"/>
                <Baseline points="2951,692 4081,692"/>
                <TextEquiv>
                    <Unicode>Leßung der täg. hey. Segen</Unicode>
                </TextEquiv>
            </TextLine>
            <TextLine id="tl_1750855988" custom="readingOrder {index:1;}">
                <Coords points="4141,713 4138,709 4120,705 3906,707 3752,717 3558,717 3019,755 2941,769 2939,819 2954,822 3154,822 3656,800 3864,805 3987,792 4078,787 4140,777"/>
                <Baseline points="2939,792 4141,792"/>
                <TextEquiv>
                    <Unicode>meß in der Kirchen ad S. Saluat.</Unicode>
                </TextEquiv>
            </TextLine>
            <TextLine id="tl_1750855991" custom="readingOrder {index:2;}">
                <Coords points="4050,832 4046,824 4003,817 3856,818 3726,810 3653,810 3419,818 3297,836 3141,837 2933,855 2921,861 2921,921 2925,928 2933,931 3113,932 3209,922 3379,927 3463,915 3537,911 3656,919 3733,918 3823,906 3995,894 4036,888 4047,884 4050,878"/>
                <Baseline points="2921,900 4050,900"/>
                <TextEquiv>
                    <Unicode>die ihme an heündt auff 30.täg</Unicode>
                </TextEquiv>
            </TextLine>
            <TextLine id="tl_1750855990" custom="readingOrder {index:3;}">
                <Coords points="4111,935 4103,926 4079,923 3864,918 3474,929 3340,943 3212,939 3159,941 3112,947 3051,964 2945,979 2939,986 2941,1026 2953,1028 3159,1028 3272,1020 3758,1009 4079,1011 4103,1007 4110,1000"/>
                <Baseline points="2939,999 4111,999"/>
                <TextEquiv>
                    <Unicode>verfallene Achtzöhen Gulden</Unicode>
                </TextEquiv>
            </TextLine>
            <TextLine id="tl_1750855986" custom="readingOrder {index:4;}">
                <Coords points="4674,1074 4670,1063 4552,1036 4497,1009 4471,986 4388,980 4009,1015 3164,1033 2985,1054 2922,1076 2915,1083 2914,1134 2922,1150 2990,1166 3512,1165 3752,1155 4293,1159 4623,1144 4664,1122 4672,1106"/>
                <Baseline points="2914,1118 4674,1118"/>
                <TextEquiv>
                    <Unicode>vt quitung hiebey idest 18 f - " -</Unicode>
                </TextEquiv>
            </TextLine>
            <TextLine id="tl_1750855987" custom="readingOrder {index:5;}">
                <Coords points="2938,1575 2943,1588 2959,1591 3264,1591 3421,1580 4068,1565 4125,1553 4127,1465 4117,1457 4057,1454 3971,1461 3617,1461 3471,1472 3421,1471 3334,1456 3288,1439 3262,1409 3217,1400 3164,1401 3119,1411 3100,1425 3077,1432 3059,1445 3030,1457 3017,1472 2986,1483 2972,1504 2949,1512 2942,1519 2938,1537"/>
                <Baseline points="2938,1541 4127,1541"/>
                <TextEquiv>
                    <Unicode>Den Letzten dito Zalte ich dem herrn</Unicode>
                </TextEquiv>
            </TextLine>
            <TextLine id="tl_1750855985" custom="readingOrder {index:6;}">
                <Coords points="4123,1595 4087,1591 3355,1600 2990,1618 2934,1634 2932,1703 2943,1705 3334,1704 3421,1696 3497,1684 3625,1680 3799,1687 3953,1669 4087,1663 4123,1655"/>
                <Baseline points="2932,1675 4101,1675"/>
                <TextEquiv>
                    <Unicode>Michael Zächer Capellmaistern bey</Unicode>
                </TextEquiv>
            </TextLine>
            <TextLine id="tl_1750855978" custom="readingOrder {index:7;}">
                <Coords points="4059,1701 4055,1695 4047,1692 4001,1687 3870,1688 3723,1698 3526,1693 3293,1723 3135,1726 2994,1735 2947,1742 2945,1795 2948,1801 2955,1804 2984,1806 3310,1806 3454,1801 3546,1793 3727,1797 3826,1784 3922,1779 4016,1769 4057,1755"/>
                <Baseline points="2945,1774 4059,1774"/>
                <TextEquiv>
                    <Unicode>St. Stephan die der gesambten</Unicode>
                </TextEquiv>
            </TextLine>
            <TextLine id="tl_1750855979" custom="readingOrder {index:8;}">
                <Coords points="4129,1812 4126,1807 4097,1803 3830,1802 3529,1822 3275,1823 3063,1832 2986,1840 2935,1853 2930,1860 2930,1913 2932,1917 2944,1919 3254,1918 3548,1898 3852,1892 4094,1874 4128,1869"/>
                <Baseline points="2930,1889 4129,1889"/>
                <TextEquiv>
                    <Unicode>Music Wegen Verrichter Gotts</Unicode>
                </TextEquiv>
            </TextLine>
            <TextLine id="tl_1750855972" custom="readingOrder {index:9;} unclear {offset:26;length:3;}">
                <Coords points="4127,1917 4122,1911 4106,1907 3981,1901 3527,1911 3422,1924 3257,1937 2934,1956 2920,1962 2921,2020 2933,2022 3230,2022 3480,2008 3721,2006 3830,1996 4033,1986 4116,1976 4125,1972"/>
                <Baseline points="2920,1991 4127,1991"/>
                <TextEquiv>
                    <Unicode>dienst in der Kirch ad Sanctu</Unicode>
                </TextEquiv>
            </TextLine>
            <TextLine id="tl_1750855982" custom="readingOrder {index:10;}">
                <Coords points="4123,2141 4094,2140 4079,2137 3887,2133 3330,2144 3157,2162 3079,2177 3017,2196 2953,2209 2945,2216 2944,2241 2945,2252 2955,2255 3163,2255 3246,2247 3587,2229 3743,2225 3962,2229 4079,2225 4092,2222 4123,2210"/>
                <Baseline points="2944,2223 4099,2223"/>
                <TextEquiv>
                    <Unicode>verfallene Siben vndt dreyssig</Unicode>
                </TextEquiv>
            </TextLine>
            <TextLine id="tl_1750855981" custom="readingOrder {index:11;}">
                <Coords points="4057,2260 4055,2253 4046,2248 3985,2245 3600,2249 3423,2259 3204,2282 3063,2289 2997,2300 2953,2315 2950,2321 2950,2381 2967,2384 3497,2383 3642,2373 3797,2354 4038,2338 4054,2331 4057,2322"/>
                <Baseline points="2950,2347 4057,2347"/>
                <TextEquiv>
                    <Unicode>gulden 4. s. vt quit. hiebey</Unicode>
                </TextEquiv>
            </TextLine>
            <TextLine id="tl_1750855997" custom="readingOrder {index:12;}">
                <Coords points="4715,2426 4713,2385 4708,2375 4698,2368 4689,2356 4677,2296 4662,2266 4651,2256 4635,2251 4536,2251 4487,2258 4436,2276 4393,2296 4327,2313 4237,2319 4125,2321 4044,2334 3906,2348 3888,2353 3861,2367 3855,2383 3855,2390 3863,2403 3875,2410 3966,2432 4032,2440 4156,2449 4686,2450 4706,2448 4713,2441"/>
                <Baseline points="3855,2398 4715,2398"/>
                <TextEquiv>
                    <Unicode>idest 37 f 4 s -</Unicode>
                </TextEquiv>
            </TextLine>
            <TextLine id="tl_1750855969" custom="readingOrder {index:13;}">
                <Coords points="2988,2669 2995,2706 3021,2708 3338,2690 3559,2681 3663,2672 3809,2670 3995,2653 4003,2648 4004,2606 4003,2592 3992,2582 3978,2580 3960,2572 3908,2565 3833,2565 3703,2573 3527,2574 3405,2582 3328,2578 3228,2557 3158,2557 3077,2570 3031,2586 2993,2616 2989,2627"/>
                <Baseline points="2988,2656 4004,2656"/>
                <TextEquiv>
                    <Unicode>Den 25. 7br. Zalte ich herrn</Unicode>
                </TextEquiv>
            </TextLine>
            <TextLine id="tl_1750855984" custom="readingOrder {index:14;}">
                <Coords points="4046,2705 4036,2698 4008,2695 3908,2695 3761,2686 3681,2685 3333,2698 3044,2720 2994,2729 2979,2735 2975,2746 2975,2795 2984,2798 3192,2798 3377,2788 3529,2771 3620,2765 3905,2760 4036,2751 4045,2747"/>
                <Baseline points="2975,2769 4046,2769"/>
                <TextEquiv>
                    <Unicode>Wolff Bernhardt Puechenegger</Unicode>
                </TextEquiv>
            </TextLine>
            <TextLine id="tl_1750855975" custom="readingOrder {index:15;}">
                <Coords points="4132,2778 4106,2770 4061,2764 3659,2771 3530,2776 3336,2795 3009,2814 2962,2827 2949,2835 2946,2843 2947,2906 3003,2909 4100,2908 4112,2906 4132,2895"/>
                <Baseline points="2946,2872 4118,2872"/>
                <TextEquiv>
                    <Unicode>Herrn Adam Schreyer vndt herrn</Unicode>
                </TextEquiv>
            </TextLine>
            <TextLine id="tl_1750855971" custom="readingOrder {index:16;}">
                <Coords points="4031,3050 4016,3040 3957,3026 3839,3026 3771,3015 3700,2983 3557,2982 3523,2986 3416,3034 3374,3044 3352,3057 3268,3083 3246,3097 3163,3124 3148,3135 3090,3162 3062,3190 3055,3207 3056,3247 3076,3328 3088,3350 3922,3335 3951,3324 3987,3317 4023,3296 4031,3288 4054,3245 4034,3070"/>
                <Baseline points="3055,3396 4034,3396"/>
                <TextEquiv>
                    <Unicode>Latus 55 f 4 s - "</Unicode>
                </TextEquiv>
            </TextLine>
            <TextEquiv>
                <Unicode></Unicode>
            </TextEquiv>
        </TextRegion>
    </Page>
</PcGts>
