5110 4155
858 648 1996 882 Den 27. dito Zalte ich dem herrn
879 878 2076 990 Heinich Henßen Priestern Wegen
899 979 2089 1088 Leßung der täg. Hey. Seegenmeß
888 1086 2016 1200 bey vnsern Herrn der ihme Vom
876 1182 2036 1294 29. Octob. biß an heündt ver
858 1284 2143 1408 fallene Achtzöhen Gulden vt quitt.
888 1360 2475 1521 hiebey idest 18 f - " -
920 1645 2115 1871 Dito Zalte ich dem daniel Mayrhoffer
906 1866 2149 1983 Poppirhandlern Zu Röthlabrungg
930 1972 2073 2087 Wegen Von ihme Erkaufften 2.
931 2061 2149 2201 Paln Adler Papir a 16 f Zusamen
957 2197 2104 2320 sambt 20 f. auffschlag benendt.
919 2307 2105 2440 Zway vndt Funffzig gulden
925 2308 2508 2567 Crafft quitung hiebey idest 52 f - " -
922 2702 2158 2832 Den Letzten dito Zalte ich dem Michael
937 2815 2194 2942 Zäher Capellmaistern bey St. Steph.
962 2925 2154 3076 Wegen diß gehabten Anniuersarii
1131 3211 2115 3498 Latus 70 f - " -
2997 539 4142 707 in der Kirchen ad S. Saluat für
2985 672 4209 808 die Verstorbene herrn deß Innern Raths
2978 780 4177 914 die der gesambten Music gebührente
2977 888 4175 1038 Zöhen gulden Lauth quitung hiebey
3910 958 4783 1138 idest 10 f - " -
3012 1250 4157 1457 Den 18. Decemb. Zalt ich dem herrn
2990 1449 4110 1568 Frantzen Schreyer deß Aussern
2990 1558 4166 1679 Raths vnd Gmr. Statt Secret. die
2998 1669 4084 1793 ihme auff diß Iahr Verfallene
2997 1743 4139 1898 dreyssig gulden Grundtbuechs
2973 1875 4161 2040 Deputat Lauth quitung hiebey
3908 1910 4771 2142 idest 30 f - " -
3024 2234 4170 2446 Dito Zalte ich dem Geörgen Edling
3022 2430 4123 2563 Burg. messerschmidt wegen Zu
3016 2528 4205 2672 Künfftiger Ersten Raths Session
3009 2657 4203 2786 gelifferten 30. Paar Federmesserl
3008 2763 4201 2914 füer iedes Paar accordirten massen
3122 3030 4111 3365 Latus 40. f - " -
