5036 4173
869 694 2057 838 Iohann Sebastian Höpffner Von
888 844 2037 949 Benndt allen dreyen deß Innern
894 959 2033 1055 Statt Raths die ihnen Herrn Wegen
892 1060 2057 1155 vorgehabter visitation der bene
871 1142 2084 1267 ficiaten Haüßer vndt Grundtstuckh
875 1270 2055 1375 auch darüber Erstatte Relation
894 1358 2096 1491 in ansehung derer Müchwaltung
898 1497 1959 1603 iedem herrn angeschafft 50.
875 1610 2069 1719 dann dem Michael Hüastl Gmr.
884 1728 2044 1831 Statt Grundtscheiber 30 f Zu
890 1842 2009 1944 samben Benendt. Ainhun
888 1951 2059 2057 dert Achtzig Gulden Ver
862 2061 2169 2176 mög Raths Decret vndt quit.
885 2059 2472 2290 hiebey idest. 180 f - " -
883 2398 2082 2534 Den 28. dito Zalte ich dem H. Hein
905 2534 2111 2643 rich Henßen Pristern Wegen Leß
897 2609 2133 2744 ung der täglichen Hey. Segemeß
905 2741 2125 2845 in der Kirchen ad S. Saluatorem
918 2849 2096 2951 die ihme von 30. Aug. biß an
908 2945 2109 3077 heünt Verfallene Acht Zöhen
1137 3184 2115 3490 Latus Per Se
2946 578 4035 715 Gulden vermög quitung
2949 668 4773 845 hiebey idest 18. f - " - "
2955 954 4066 1130 Den 29. dito Zalte ich dem Iacoben
2968 1139 4100 1231 Pantz Raths diener sein iezt
2981 1226 4228 1334 Michaeli verfallene Halb Iähr. Zimer
2976 1331 4161 1448 Beyhülff mit Funffzöhen Gulden
2949 1429 4715 1604 vt quit. hiebey idest 15. f - " -
2947 1747 4119 1896 Den 30. dito Zalte ich dem Geörgen
2977 1895 4152 2014 Ritter Organisten bey St. Steph.
2973 2005 4151 2117 sein an heündt Verfallene Quartalß
2959 2111 4180 2244 Besoldung Wegen Verrichter Kirchen
2981 2233 4198 2359 dienst bey St. Saluat. mit Siben
2987 2266 4759 2507 gulden 4 s idest 7. f 4 s -
2986 2629 4099 2761 Den 9. Octobr. Zalte ich dem
2962 2737 4145 2888 Iacob Lutzenberger Meßmern Bey
3132 2972 4074 3381 Latus 40 f 2 s -
