5042 4115
867 654 2029 808 vnsern herrn die ihme Wegen der
869 812 2041 918 Keingerischen Stifftmeß den 7.ten
879 928 1972 1022 diß auff ain Iahr verfallene
857 1023 1998 1162 drey Gulden vt quit. hiebey
1813 1038 2422 1221 idest 3 f - " -
862 1407 2108 1553 Den 28. dito Zalte ich dem H. Heinrich
890 1560 2062 1650 Henßen Pristern Wegen Leßung
879 1654 2069 1749 der täg. Hey. Seegenmeß in der
882 1745 2110 1851 Kirchen bey St. Saluat. die ihme
877 1849 2084 1950 an heündt auff 30. tag verfallene
889 1949 2034 2057 Achtzöhen gulden vt quitung
899 1958 2447 2163 Hiebey idest 18 f - " -
898 2318 2069 2509 Den 6. 9br. Zalte ich dem herrn Chor
902 2459 2100 2608 maister bey St. Stephan die der Chur
899 2600 2097 2717 pristerschafft Wegen deß füer die
905 2715 2068 2819 verstorbenen h. des Innern Raths
906 2818 2083 2914 in der Kirchen ad. S. Saluatorem
896 2881 2123 3039 gehaltenen Anniuersarii gebührente
1011 3168 1982 3519 Latus 21. f - " - "
2916 573 4088 721 Vier gulden Inhalt quitung hie
2907 681 4678 858 bey idest 4 f - " -
2954 965 4137 1113 Dito Zalte ich dem Iacob Lutzenberger
2941 1106 4131 1231 Meßnern bey S. Saluat. daß ihme
2941 1214 4018 1332 den Letzten octobr. verfallene
2945 1320 4083 1447 halbIähr. Kirchenwäsch gelt
2947 1444 4051 1568 mit Fünff gulden vt quitung
2917 1507 4703 1700 hiebey idest 5 f - " -
2943 1852 4068 2044 Auch Zalte ich Ihme das den Letzten
2941 2035 4092 2168 Octobr. verfallen halb Iähr
2938 2132 4081 2267 Ministranten Geldt mit Zwölff
2927 2193 4693 2392 Gulden vt quit. hiebey idest 12 f - " -
2942 2529 4046 2681 Deßgleichen Zalte ich Wegen her
2927 2668 4099 2784 gebung opffer Wein Heyrauch
2939 2771 4057 2876 vndt Salzen die ihme den Letzten
2950 2855 4212 2988 Octobr. auff ain Iahr gebührente
3078 3103 4081 3416 Latus 21 f - " -
