5107 4165
887 634 2141 821 Dito Zalte ich dem H. Matthia Händler
884 813 2151 932 deß Aussern Raths vndt Buechhaltern
885 938 2062 1045 die ihme auff diß Iahr gebührente
873 1025 2094 1166 dreyssig Gulden Holtz Deputat auff
896 1145 2078 1255 die oben in besoldungen allegirte
888 1131 2477 1361 quitung no. 878. idest 30 f - " -
908 1609 2049 1772 Destgleichen Zalte ich dem H. Sig
901 1766 2125 1881 mundt Gußman deß aussern Raths
905 1882 2049 1997 vndt Gmr. Statt Expedit. die der
903 1988 2074 2120 Gesambten Cantzley auff diß Iahr
913 2126 2100 2237 verfallene Acht vndt Zwainzig
903 2249 2037 2365 Gulden Grundtbuechs Deputat
908 2224 2493 2499 vt quit. hiebey idest 28 f - " -
879 2678 2044 2843 Auch Zalte ich dem H. Iacoben
915 2836 2092 2949 Schwärtzl ober Camer Ambts Re
937 2955 2148 3090 manenzern die ihme wegen machung
1033 3241 2013 3497 Latus 58 f - " -
2996 595 4140 733 Gegenwertiger Raittung Zuestän
2987 745 4158 861 dige Zwainzig Gulden vt quit.
2985 819 4790 1019 hiebey idest 20 f - " -
2928 1219 4109 1445 Ferer Zalte ich Ihme die von Anno etc.
3010 1437 4133 1550 692. biß anhero in Namen gmr.
3014 1557 4111 1656 Statt auß gelegte Zinzlposten
3021 1661 4121 1760 mit Achtzöhen gulden 7 s.
3007 1772 4165 1882 Crafft Specification vndt dar
2995 1884 4127 2014 auff gestelte quit. hiebey
3919 1901 4734 2103 idest 18 f 7 s -
2982 2211 4182 2399 In Simili Zalte ich dem Michael
3002 2398 4147 2510 Hierstl Grundtschreibern die ihme
3014 2499 4173 2615 Zuhaltung eines Schreibers an
3005 2609 4121 2727 heündt auff ½ Iahr verfallene
3013 2708 4184 2837 Fünff vndt Zwainzig Gulden
2986 2739 4835 2960 vt. quit. hiebey idest 75. f - " -
3186 3080 4089 3409 Latus 63 f 7 s.
