5055 4097
919 623 2098 769 30 Kr. Zusamben Fünffzöhen
929 780 2081 935 gulden vermög quit. hiebey
1810 842 2466 1002 idest 15. f -
913 1112 2028 1316 Den 24. dito Zalte ich dem herrn
907 1317 2102 1425 Michael Zächer Cappelmaistern bey
895 1436 1980 1553 St. Stephan die der gesambten
883 1562 2037 1663 Music Wegen der Rorate dienst
872 1664 2097 1767 in der Kirchen ad S. Saluatorem
901 1770 2054 1875 auff diß Iahr verfallene drey
899 1887 2088 1993 vndt dreyssig gulden vt quit.
881 1873 2467 2136 hiebey idest 33 f - " -
889 2314 2077 2526 Den 25. dito Zalte ich Beeden Brodt
910 2506 2155 2644 bschauern füer die Zwen Brodttragen
919 2640 2068 2759 welche Wochent. das Brodt Zum
907 2758 2065 2875 abwegen in das Rathhauß über
929 2887 2127 3027 Bringen iedem Wochent. 9. kr.
1015 3177 1984 3454 Latus 48 f - " -
2956 605 4105 752 Zusamben von 12. Decemb. 693.
2970 745 4118 855 biß an heündt auff 54 Wochen
2971 865 4076 969 Benent. Sechzöhen Gulden
2970 962 4104 1097 1 s. 18. d. Crafft quitung hie
2944 1013 4773 1252 bey idest 16. f 1 s 18 d.
2960 1369 4133 1526 Den 27. dito Zalte ich dem herrn hein
2960 1534 4060 1638 rich Henßen Wegen Leßung der
2917 1634 4193 1762 Täg. Hey. Seegenmeß in der Kirchen
2957 1750 4119 1866 ad S. Saluatorem die ihme vom 28.
2949 1860 4050 1976 9br. biß an heündt auff 30. täg
2943 1965 4094 2082 verfallene Achtzöhen Gulden
2966 2006 4719 2228 vt quitung Hiebey idest 18. f - " -
2975 2425 4144 2588 Den Letzten dito bringe ich in Außgab
2973 2583 4050 2705 die mier auß diß Iahr Wegen
2967 2691 4071 2818 hergegebener Ambts Zimer ge
2962 2709 4743 2944 biehrente Sechzig gulden idest 60. f - " -
3007 3040 4176 3346 Latus 94 f 1 s 18 d.
