5082 4098
888 586 2009 839 Nicht Weniger Zalte ich dem
875 831 2044 942 Geörgen Ritter Organisten bey
880 956 2017 1055 St. Stephan Wegen Verrichter
868 1063 2057 1175 Gotts dienst bey S. Saluator die
882 1180 2057 1287 ihme an heündt auff ain quartall
879 1295 2006 1404 verfallene Siben Gulden 4 s
861 1362 2458 1550 vt quit. hiebey idest 7 f 4 s -
863 1691 2104 1889 Eodem die Zalte ich dem Dominico
861 1880 2024 2008 Tondee Burgern vndt Rauchfang
881 2006 2048 2119 khörern die ihme wegen Khörung
818 2121 2077 2237 der Rauchfäng im Rathhauß auff
871 2235 2107 2354 diß Iahr gebührente Vier Zöhen
857 2290 2477 2501 Gulden vt quit. hiebey idest 14 f - " -
866 2688 2087 2842 Item Zalte ich der Frawen Susanna
909 2843 1995 2967 Christina Cohmeronin Wittib
882 2969 2079 3101 Wegen gelifferter 8 Exemplaria
976 3214 2048 3537 Latus 21. f 4 s -
3011 568 4142 702 der affigirten Kopffsteüer Zu
2999 709 4172 817 handten deren von Einem Löb. Statt
3006 817 4240 943 Rath Deputirten herrn Comissarii
3014 952 4083 1067 füer als 24. Kr. Zusamben
2980 1070 4097 1186 Benendt. drey Gulden vt
2967 1176 4742 1336 quitung hiebey idest 3 f - " -
2995 1453 4124 1699 Weiters Zalte ich dem Iohann
2981 1689 4199 1811 Gampper Burg. Specerey handlß
2992 1810 4149 1926 man Wegen deß Ztem Ambt Ge
2992 1917 4216 2041 lifferten Raukhen vndt deutenZeüg
2980 2033 4141 2163 Zuer Notturfft der Innern Raths
2984 2149 4135 2276 stuben Wie auch 24. kr baumb
2955 2264 4156 2396 öhl in die Kirchen ad S. Saluat.
2993 2382 4177 2511 sein gefertigtes Auß Zügl über
2992 2498 4153 2635 abbruch 2 f. mit Zway vndt
2984 2581 4774 2775 Zwainzig gulden idest 22 f - " -
2999 2817 4179 2988 Ingleichen Bringe ich per Ausgab
3023 3071 4054 3361 Latus 25 f - " -
