5035 3936
655 460 2078 641 Den Anderten Octobris betzalt Ich herrn
728 629 2101 740 Hannsen Petzeldten Burgern alhie die
718 727 2156 831 Ienigen Ainhundert gulden Reinisch welche
736 825 2113 929 Er noch Anno etc 1624. Zu Gemainer Statt
741 920 2102 1021 Wienn dargelichen hat mit abschreibung seiner
746 1012 2100 1121 ausstendigen Steurn Vermig Cassierter
740 1085 2488 1251 obligation welche hiebey Idest 100 f - " - "
628 1468 2088 1631 Nichtweniger den Achten dito betzalt
701 1615 2028 1732 Ich gleichermassen Iacoben Bischoffen
705 1723 2023 1819 Burgerlichen Häringern alhie die von
708 1810 2114 1914 Ihme Anno etc 1624. Zue vorgedachter Gemain
697 1901 2036 2015 er Statt Wienn hergelichenen funfftzig
700 2006 2030 2111 gulden Reinisch mit abschreibung seiner
688 2106 2095 2210 Ausstendigen Steurn Vermig Cassierter
697 2157 2471 2352 Obligation welche hiebey Idest 50 f - " - "
668 2457 2022 2732 Den Zwölfften Huius Erlegt Ich auf Ge
704 2726 2078 2843 mainer Statt Wienn Pupillen Raith Cam
705 2846 2081 2950 mer die Ienigen vnd noch Resstierendten
696 2943 2066 3074 Ainhundertvnd Ain gulden Reinisch Süben
935 3147 1879 3370 Latus 150 f.
2928 449 4315 608 schilling Vier Zechen Pfening welche bey gedachter
2945 578 4389 704 Gemainer Statt Wienn ober Statt Camer Ambt
2970 678 4306 797 als ain alt abgeraites Interesse Anno etc 1602.
2973 777 4304 890 ligendt gewessen vnd von frauen Susanna
2964 877 4314 991 Hannsen Strassers Ehewierthin seel. Vnd den
2978 972 4322 1090 en Strasserischen Khindern gehörig Vermig
2973 1071 4304 1179 abraittung Cassierten Ambtschein vnd der
2929 1162 4356 1296 herrn Raithandler Quitung welches alles
2940 1262 4754 1427 hiebey Idest 101 f. 7 " 14 "
2847 1504 4334 1723 Den Vierten Nouembris betzalt Ich der Röm.
2954 1681 4330 1820 Khayl. Mat etc. Rath herrn Pauln Widenman
2931 1784 4286 1916 des Innern Statt Raths alhie Zue völliger
2926 1880 4272 2003 abstattung über die hieuor Empfangenen
2914 1978 4303 2106 fünffhundert gulden seiner bey Gemainer
2912 2079 4284 2196 Statt Wienn gegen Süben Per Cento ligen ge
2909 2180 4285 2295 habten vnd von Ihme herrn den Vierten Aug
2912 2273 4314 2395 ustii Sechtzechenhundert Ainvnd dreyßigisten
2923 2376 4293 2496 Iahrs anthicipierten Funff Zechenhundert
2930 2471 4245 2591 gulden Benentlichen Ain Tausendt gulden
2909 2574 4283 2690 Reinisch Vermig Cassierten obligation vnd
2925 2676 4722 2833 Quitung welches alhes hiebey Idest 1000 f - " - "
2949 2845 4315 3024 Den Letsten dito bezalt Ich nicht weinger N.
3013 3118 4296 3366 Latus 1101 f. 7 s. 14 d.
