5002 3957
579 513 2034 681 N.Ö. Regiments Rath In abschlag der bey
642 673 2018 786 Gemainer Statt Wienn gegen Süben Per
647 781 2021 858 Cento ligendten Zwayen Possten Capital
650 852 2012 948 lien welche von Iunckhfrauen Catharina
637 946 2001 1043 Hüttendorfferin seel. herrierendt vnd auf
650 1025 2045 1122 sie die hüttendorfferischen befreundten ins
635 1113 2061 1222 gesambt Erblichen gefallen seindt mit Ein
648 1214 2048 1305 willigung der andern mit Interessierten
655 1294 2018 1404 befreundten mit Steur Abschreibung ge
667 1400 2035 1508 nentlichen Dreyhundert funfftzig gulden
642 1501 2041 1599 Reinisch Vermig Quitung Cession Vnnd
650 1586 1981 1714 herrn Pfeiffers seel. bericht so hiebey
1653 1599 2447 1790 Idest 350 f. - " - "
665 1994 2041 2172 Nichtweniger den Ainlifften dito Betzalt
650 2160 1995 2276 Ich herrn Hannß Christophen Graplern
649 2261 2012 2366 In abschlag der bey gedacht Gemainer
628 2350 2032 2463 Statt Wienn gegen auch Süben per Cento
682 2442 2013 2557 ligendten Vnd von herrn Pauln Prüntzen
682 2538 2053 2653 seel. herrierendten Ihme vnd denen andern
658 2626 2080 2750 Graplerischen Erben Zuegehörigen Capital
633 2724 2078 2838 Summa der Ain Tausendt gulden mit ab
647 2819 2059 2942 schreibung der Steurn Benentlichen Drey
662 2921 2111 3051 hundert Süben vnd Achtzig gulden Reinisch
667 3039 2055 3167 fünff schilling Achtzechen Pfening Ver
859 3201 1729 3445 Latus per See ./.
2920 452 4315 595 mig seiner Verfertigten Quitung welche
2978 572 4747 726 hiebey Idest 387 f. 5 " 18 "
2917 833 4306 977 Den Anderten Iunii bezalt Ich Hainrichen
2952 956 4245 1072 Peringer die Ienigen fünffvndsübentzig
2959 1056 4309 1170 gulden Reinisch welche sein Verstorbner
2938 1157 4312 1261 Vatter hainrich Peringer seel. noch
2960 1258 4251 1361 Anno etc. 1624. Zue Gemainer Statt Wienn
2962 1350 4272 1467 dargelichen mit Raths bewilligung vnd
2989 1461 4251 1561 weillen die obligation Verprunen sein
2975 1559 4255 1666 solle als ligt Todtschein Gericht vnd
2984 1649 3733 1784 Quitung alles hiebey
3924 1674 4752 1816 Idest 75 f - " - "
2911 1949 4281 2135 Den Zwölfften dito Betzalt Ich Ebnermassen
2960 2122 4224 2231 hainrich Weltzen Soldathen In abschlag
2954 2222 4237 2322 seiner bey Gemainer Statt Wienn ligen
2932 2303 4250 2417 habendten vnd von seinem herrn Vattern
2947 2403 4264 2509 Ioachimben Weltzen seel. herrierendten
2941 2493 4220 2607 Capital Summa Benentlichen Sechtzig
2945 2592 4274 2701 gulden Reinisch Vermig Raths bewillig
2974 2686 4784 2837 ung vnd Quitung so hiebey Idest 60 f - " - "
2904 2927 4298 3100 Den Drey vnd Zwaintzigisten Huius betzalt
3090 3174 4243 3402 Latus 522 f. 5 s. 18 d
