4962 3965
2641 310 4444 806 Außgab auf Iär
3252 776 4096 907 liche VerZünßungen ./.
2879 994 4305 1178 Den ViervndZwaintzigisten Aprilis diß
2930 1177 4309 1273 es Sechtzehenhundert Zwayvndreyssigisten
2937 1265 4267 1364 Iahrs betzalt Ich dem Hochwürdigen vnd Greist
2918 1357 4238 1453 lichen herrn Geörgen Siessen Thumbherrn
2921 1443 4253 1551 bey St. Stephan alhie vnd der Zeit Benefici
2903 1541 4269 1648 aten frauen Elisabetha Weißpacherin seeligen
2864 1635 4333 1742 Stüfftung Von denen bey Gemainer Statt Wienn
2920 1730 4285 1838 ligendten Zwayhundert funfftzig gulden Reh.
2913 1827 4241 1934 Capital ainen halben Iahrs Zinß Georgii
2896 1921 4226 2028 dits Iahrs Verfallen Benentlichen Sechs
2905 2022 4289 2136 gulden Reinisch Zween schilling laut Quitung
2965 2120 3393 2243 welche hiebey
3875 2112 4714 2263 Idest 6 f 2 " - "
2812 2317 4237 2542 Disen obbemelten tag Zalt Ich nicht weinger
2879 2529 4231 2628 herrn Tobiasen Pämpel gewesten des
2896 2619 4266 2728 Innern Statt Raths alhie den Ienigen halb
2885 2716 4238 2828 Iährigen Zümber Zünß so sich Ietzt Geörgii
2890 2812 4214 2915 dits Iahrs Verfallen ain Löblicher Statt
2872 2907 4229 3014 Rath etc. aber auf sein Lebenlang auß gnaden
2864 3001 4238 3108 Zue raichen bewilliget worden Benent
3083 3142 3945 3371 Latus per See.
