4993 3899
693 449 2096 591 nentlichen Ainhundert gulden Reinisch Ver
725 595 2496 744 mig seiner Quitung welche hiebey Idest 100 f - " - "
680 994 2084 1140 Den Zechendten dito betzalt Ich dem Hochwierd
705 1128 2073 1230 igen vnd Geistlichen Herrn Casparn Gory
715 1215 2094 1320 Zutii Pfarrherrn der Khayserlichen Burckh
701 1309 2104 1415 Cappellen alhie wegen des mit Khayserlichen
710 1404 2035 1512 Consens Gemainer Statt Wienn hinumb ge
699 1505 2081 1612 lassnen Grundtpüechel das destwegen Ge
695 1596 2030 1699 orgii dits Iahrs Verfallene halb Iährige
697 1690 2054 1796 Deputat Benentlichen Ainhundert funfftzig
701 1790 2129 1897 gulden Reinisch Inhalt seiner Quitung welche
730 1891 970 1985 hiebey
1671 1817 2478 1999 Idest 150 f - " - "
653 2110 2068 2336 Disem bemelten tag Betzalt Ich dem Hochwürd
680 2322 2080 2412 igen vnd geistlichen herrn Marcus Anthoni
699 2402 2016 2502 us Carrio Thuembherrn bey St. Stephann
708 2498 2015 2591 alhie Vnd der Zeit des Vttendorfferischen
652 2590 2088 2697 Stüffts Beneficiaten Von dem bey Gemainer
636 2678 2122 2799 Statt Wienn gegen fünff Per Cento anligendt
684 2774 2046 2878 en Zway Tausendt gulden Capital Zue be
672 2865 2025 2969 melten Stüfft gehörig ainen halben Iahrs
687 2950 2080 3068 Zünß ultimo Iunii Anno Sechtzechenhundert
880 3125 1895 3350 Latus 250 f.
3028 359 4307 551 Ainvnddreyssig Verfallen Benentlichen
3056 548 4295 662 Funfftzig gulden Reinisch Vermig seiner
3079 645 4268 779 Verfertigten Quitung welche hiebey
4085 704 4817 845 Idest 50 f - " - "
3009 941 4298 1262 Disem bemelten tag betzalt Ich  gleicher
3097 1238 4229 1343 gestalt mehrwolermeltem herrn
3101 1328 4314 1434 Carrio Von denen Ainhundert vnd
3102 1429 4324 1541 Zwaintzig gulden Reinisch Capital
3081 1530 4349 1643 Zu des Nicolay Burckhambs Stüfft
3057 1638 4340 1749 ung gehörig ainen halben Iahrs Inter
3054 1748 4361 1851 resse Geörgii dises Sechtzechenhundert
3062 1857 4360 1957 Zway vnddreyssigisten Iahrs verfallen
3046 1952 4334 2056 Benentlichen Drey gulden Reinisch In
3050 2044 4795 2198 halt seiner Quitung so hiebey Idest 3 f - " - "
2978 2436 4381 2590 Den ZweenvndZwaintzigisten dito wierd
3028 2582 4316 2685 et nicht weinger von mier in die Auß
3052 2673 4320 2780 gab Eingebracht Nachdeme abermahlen
3058 2754 4334 2864 von Ihr Gnaden herrn Danieln Quoser
3027 2859 4324 2982 Burgermaistern alhie Zue Gemainer
3232 3041 4211 3277 Latus 53 f.
