5226 3969
826 465 1969 628 der obligation hiebey betzallt
853 545 2569 769 thuet Zusamen 9529 f. 9 s 90 d.
781 1028 2094 1240 Item den Zehenden Februarii hab
887 1207 2078 1361 Ich Chatharina Michaeln Angrers
857 1313 2074 1497 pinters hausfraw die Ain hundert
882 1482 2031 1639 floren haubt gelt so Ir aus denen
848 1642 1995 1770 drey hundert Sibentzehen floren
897 1774 2001 1924 4 s. d. von Weillendt Wolf
892 1897 2101 2076 ganngen Schönauer herrüerent
906 2053 2042 2200 nachuolgendt sambt der aus
892 2187 2132 2342 stenndigen verzinsung vom Zehenden
881 2345 2087 2488 Iulii Anno Zway vnd sibentzig biß
892 2483 2003 2609 dato Siben Monat lang Zway
903 2617 2131 2786 Phundt Siben schilling Zehen Phening
741 2925 1770 3381 Latus per se.
3246 352 4361 519 inhalt Irer Quitung vnd Ratt
3185 510 5020 690 schlags betzalt thuet 902 f. 7 s. 10 d.
3169 827 4335 1063 Item den Neuntzehenden Martii
3220 1052 4297 1184 hab Ich Magdalena hannsen
3212 1179 4291 1310 Friderstorffer versprochner
3195 1298 4347 1445 hausfraw die funf vnd Zwain
3166 1436 4368 1582 tzig phundt phening so Ir weil
3217 1562 4382 1715 lenndt Emrich Iudt Gutschi sambt
3217 1709 4319 1864 aim gerichten peth oder darfür
3214 1844 4286 2004 Zehen Phundt phening thuen
3238 1973 4393 2133 beede Possten funfvnddreissig
3221 2140 4315 2274 phundt phening so den 29 Iulii
3209 2271 4419 2406 Anno Neunvndfunfftzig ins Ambt
3215 2406 4379 2551 erlegt sambt der verZinsung biß
3228 2549 4327 2719 auf den NeunvndZwaintzigisten
3111 2850 3960 3237 Latus per se.
