5141 3954
646 519 2021 725 Renner Pruckhmaister vt Rat
771 728 2044 887 schlag vnnd Quitung auf notdurfft
683 809 2497 1010 des Pruckhhambts geben 200 f. s. d
700 1263 2068 1437 Item den Vierten Maii mer Valentin
778 1412 2002 1563 Renner Pruckhmaister auf be
793 1496 2495 1710 uelch vermög Quitung geben 200 f. s. d
633 1830 2016 2133 Mer hab Ich den Sechsten Augusti
773 2120 2076 2260 vermög Ratschlags Valentin Renner
815 2237 2036 2403 auf des Pruckhhambts notdurfft
885 2346 2511 2539 laut Quitung geben 200 f. s. d
708 2632 2000 2899 Item den 24 September gab Ich
783 2975 2024 3358 Latus 600 f. s. d ./.
3170 367 4409 537 Valentin Renner Pruckhmaister
3221 534 4369 685 auf beuelch aines Ersamen Raths
3172 677 4901 867 inhalt Quitung 200 f. s d
3131 1006 4357 1222 Item den Vierten Ianuarii gab
3191 1212 4438 1351 Ich abermallen auf Burgermaister
3257 1340 4448 1484 vnnd Rathsbeuelch dem Pruckh
3238 1480 4365 1620 maister valentin Renner laut
3212 1635 4903 1796 Quitung 200 f. s d.
3065 1885 4435 2225 Latus 400 f. s. d.
