5128 3975
813 1705 1904 1856 Suma des ausgelichnen gelts auf
950 1835 1282 1932 Beuelch
854 1896 2005 2138 Ø 1000 f. s. d. ./.
3020 212 4598 641 Ausgab auf Betzal
3242 631 4350 763 lung des entlehneten gellts
3500 731 4106 863 Haubtsuma
3068 1036 4287 1196 Den 19 Ianuarii hab Ich den herrn
3112 1183 4280 1302 Steurhanndlern von wegen Weil
3155 1286 4330 1433 lenndt dietrichen von Pusch Cramers
3133 1413 4309 1561 alhie die ausstenndig steur alls
3125 1531 4266 1690 3 f. 2 s. betzalt die khunfftig
3134 1688 4235 1824 wo seine Erben furkhomen vnnd
3137 1802 4432 1955 sein verlassung die Ich den 90 Septembris
3087 1943 4343 2100 Anno 72 in das ober Camrer ambt
3140 2096 4330 2224 emgfangen begern Innen an der
3165 2217 4198 2379 selben abZogen werden sollen
3761 2320 4841 2561 Idest 3. f. 2 s. d.
3156 2561 4389 2812 Den SechsvndZwaintzigsten Ianuarii
2955 2858 3898 3204 Latus per se.
