5159 3928
785 442 1921 679 khopf gemainer Stat Pruckh
790 606 1971 792 ambts gegenschreiber Zehen phundt
815 773 2094 936 phening so Ime verschines Sibentzigisten
806 903 2033 1056 Iar alls Ime das Zimer im Rathauß
828 1061 1979 1209 auf khündt worden so lang Er im
814 1196 2005 1341 diennst Iärlich Zugeben verordent
847 1251 2477 1494 auf diß 73 Iar Zuegestelt 90 f. s. d.
790 1704 1695 2182 Latus per se.
854 2500 2126 2689 Suma der Ausgab auf Schannckhung
934 2662 2039 2747 vnnd VerEerungen diß Iar.
949 2744 2205 2929 Ø 672. f. 3. s. 9 d ./.
3078 207 4646 647 Ausgaben durch
3607 634 4249 758 Gottes willen
3186 906 4335 1128 Ittem den ersten tag Märtii hab
3222 1120 4394 1254 Ich Casparn Scheuberst gewesen
3206 1232 4287 1379 gefanngen beim Turckhen die
3193 1363 4322 1518 Zway phundt phening Ime von
3216 1497 4334 1630 ainem Ersamen Rath verordent
3247 1623 4890 1819 laut Quitung Zuegestelt Idest 2 f. s. d
3137 2033 4281 2217 Item den driten Märtii Zalt Ich
3193 2209 4402 2335 denen Parfuessen Bruedern fur
3206 2334 4319 2473 fassten Speiß so Innen Burger
3225 2466 4314 2607 maister vnd Rath verordent
3199 2606 4890 2783 inhallt Quitung 3 f. 4 s. d.
3029 2927 4374 3289 Latus 5 f. 4 s. d.
