5161 3998
714 471 1921 678 Item den drey Zehenden Tag Ap
796 682 1876 800 prilis valentin Schmidt vnnd
776 793 1896 948 Hannsen Khuen beeden der Stat
709 927 1936 1078 Schwartzenfelt so verprunnen
759 1069 1991 1215 abgesanndten auf aines Ersamen
766 1211 1956 1368 Raths verordnung inhalt Quit
793 1341 2439 1509 tung Zuegestelt 2 f. s. d.
762 1768 2032 2000 Item den anndern tag September
835 1983 1975 2108 Anna Kholbin Armen Wittib
861 2088 2090 2252 vnnd Burgerin alhie Tochter Iudith
830 2245 2028 2381 aus weillenndt frauen Anna Ni
791 2407 1991 2532 clasen Tulfer hausfraw auf
780 2538 2031 2671 Verheyratung armer Iunckh
830 2693 1942 2832 frauen gestifften gelt auf
716 2918 1719 3343 Latus per se.
3118 394 4437 585 Burgermaister vnd Rats beuelch
3262 586 4345 745 laut Quitung Zw heyrat guet
3217 721 4896 895 geben 90 f. s. d
3017 998 4383 1311 Mer den andern Tag octobris Zalt
3205 1307 4423 1450 Ich dem Pranntsteur Sambler von
3206 1428 4420 1617 Mulhausen auf beuelch laut Quit
3218 1596 4880 1776 tung 9 f. s. d.
3288 1991 4330 2165 Latus 11. f. s - d. ./.
3154 2641 4464 2803 Suma durch Gottes willen Ausgeben
3350 2784 4290 2944 Ø 18 f. 4. s d ./.
