6262 4177
1283 645 2572 807 Den 24 Ianuari hab ich das Quartall
1346 773 2604 922 der Zapffenmaß ins Lanndthaus
1305 899 2570 1053 Zalt hat gebracht 2875 fl auch am
1348 1015 2579 1160 an schlag 1331. fl. dauon hinauff
1360 1018 3096 1283 ainem trager Zu tragen f. s. 1. d. 2.
1343 1538 2569 1738 So ist auch vnder der Rubrigkhen
1380 1721 2583 1842 des widerumben betzalt gelts in
1352 1815 2628 1967 Emphanng ist eingestelt 2275. γ d
1360 1931 2640 2067 haubtgelt vnd Verfallen Interesse
1370 2042 2617 2186 so weilendt herrn Cristoffen von
1336 2175 2598 2308 Eytzing saligen Erben gemainer
1378 2272 2597 2439 stat schuldig gewesen vnnd Inhalt
1394 2414 2583 2542 aines Libel mit wein betzalt hab
1382 2533 2560 2663 en Wellicher wein Suma aber ge
1350 2648 2588 2805 bracht in gelt 2346 fl. 1. s. 22 ½. d
1169 2935 2313 3380 Latus per Se.
3667 635 4990 879 Also man dem herrn von Eytzing schul
3678 872 4981 994 dig worden hinauß 56 fl. 1. s 22 ½ d
3610 968 4922 1098 Welliche Suma oder Rest gelt Ich den
3681 1093 4901 1204 wolgedachten Erben Vermug obbe
3672 1198 4921 1325 ruerten gefertigten Particulars
3633 1303 4874 1436 heut den 28. Ianuarii vollig richtig
3665 1428 4862 1551 gemacht vnd hinaus Betzalt hab
3659 1522 5560 1738 56. γ 1. s. 12 ½ d. Idest f. 56. s. 1. d. 22 ½
3606 1984 4818 2129 Item Zalt Ich dem Erasm Colman
3610 2122 4897 2268 Leinbeter fur ain stuckhhackh Zwil
3611 2257 4883 2392 lich Zu Ritln in die mormg Zalt vt
3556 2364 5502 2559 Quittung f. 3. s. d.
3604 2669 4827 2888 Item mer den dreissigisten tag
3554 3085 4929 3395 Latus 59. f. 1. s. 2 ½ d.
