6307 4159
1404 538 2687 784 einkhumen dir aus der Raitung
1395 781 2650 906 gebracht so stell Ichs demnach alhie
1383 760 3158 1042 auch fur ausgeben Idest f. 42. s. 7. d. 26.
1256 1131 2663 1371 Vnd Nachdem verschines etc 64ten Iars die
1413 1353 2617 1490 nachuolgunden Posten somit auf die
1393 1461 2662 1593 vnder schiedlichen Ambter ausgeben wie
1405 1585 2670 1715 vnder des ausgelichen gelts verstanden
1392 1697 2663 1819 auch mir Im beschluß selbiger meiner
1361 1796 2671 1933 Raittung auferlegt worden auf dis Iar
1392 1907 2677 2047 widerumben Zu vbernemen Weils
1378 2035 2666 2175 aber an Zweifel die selben Suma in
1334 2156 2682 2290 Iren der Ambtleut Raittungen auch
1387 2289 2673 2443 dermassen fur Emphang gestellt
1397 2425 2600 2548 vnnd verrait so werden die Alhie
1389 2541 2608 2715 auch fur ausgeben abgeschriben als
1343 2633 1933 2801 Namblichen ./.
1019 2872 2345 3341 Latus per Se.
3700 661 4957 836 Colman Fraunberger Vater Zu S.
3720 829 4700 978 Marx 1208 f. 3. s. 8. d.
3544 1064 4999 1378 Mathes Richter Stat Crait Castner 1050 f
3517 1547 4949 1753 Abraham Fuesl Zieglschaffer 1680. f
3902 1988 5538 2270 Summa ꞩ f. 3938. s. 3. d. 8.
3713 2539 4911 2719 Mer werden alhie Abgeschriben die
