6305 4201
3460 374 5200 1034 Abgang vnd
3820 1019 5102 1195 Bößgellt fur Ausgebenn ./.
3658 1429 5021 1583 Item in diser meiner Raittung dis etc
3700 1576 4965 1724 Funffundsechtzigisten Iars Empfang
3725 1703 5013 1826 an merern Rubrigkhen wierdet
3698 1816 4952 1956 lautter befunden das sich selbiger
3669 1931 4931 2077 Emphanng Parem gelts nachendt in
3716 2057 4927 2181 die Zwayhundert tausent florenn
3732 2173 4915 2301 erstreckht ausser der Remanentz
3721 2271 4940 2405 vnd vbernumen gellts Dergleichen
3720 2403 4925 2523 in der ausgab nit vil weinger hat
3712 2525 4907 2637 menigelich Zuermessen was am
3695 2629 4962 2808 Zelln vbersehen oder so esten abfrochen
