6263 4175
979 635 2544 802 Mer Zalt Ich dem Wolfganng Woll
1344 798 2646 915 muet fur 4 Phundt waxne kherzen
1328 907 2643 1016 so der herr Burgermaister nemen
1317 876 3129 1153 hat lassen vt Quittung Zalt f. 1. s. d. 16.
1269 1337 2580 1509 Item von den hieuor bemelten Wap
1318 1502 2577 1637 penstain Zalt ich dem maister Walt
1344 1623 2560 1748 hauser Zalner goltschmit in Vier
1341 1700 2631 1880 Captal Zulassen in die Zway trinck
1334 1854 2586 1977 geschier denen ains dem herrn
1297 1959 2600 2101 Doctor Ioseph Zopl als Neuen Öster
1366 2089 2594 2213 reischen Cantzler vnd das annder
1354 2211 2603 2338 herrn von schönkhirchen stathalter
1349 2224 3097 2486 verert worden Laut Quittung f. 5. s. 2. d.
1342 2578 2617 2891 Den Achtzehenden Ianuari khaufft
1177 3013 2575 3400 Latus 6. f. 2. s. 16. d.
3683 611 4979 811 Ich in die Neu Ratstuben auf die
3727 803 4930 939 taffeln funff Claim scheel Iedes
3667 916 5565 1113 per 12. khich vt Quittung f. 1. s. d.
3665 1347 4939 1499 Item dito dem maister Ieronimus
3688 1484 5017 1636 windisch khlainpfrer fur funff Plech
3682 1614 4946 1725 ene Casstel den herrn des Ratts
3705 1728 4899 1851 darein die schreibfedern gelegt
3710 1810 5515 2012 werden vt Quittung thuet f. s. 3. d. 10.
3570 2241 4935 2411 Adii den 22 dis monnats dem Eber
3683 2399 4859 2518 harten Puechpinter Puecher in die
3653 2495 4961 2643 Cantzlei zu Pinten Vermug des Hansen
3644 2614 5529 2801 Springers Zellen f. 3. s. d.
3591 2828 4921 3312 Latus 4 f. 3 s 10 d
