6263 4174
1276 629 2557 807 Zwaintzig tausennt floren so auf
1290 795 2608 913 B. vnd Rats beuelch der Rom. Khai.
1317 915 2600 1048 Mt. etc im Vertigen 64 Iar in dem Ober
1295 1032 2559 1161 Camrer Ambt aufbracht vnd darge
1279 1151 2522 1287 lichen Per Cento acht floren Zuuer
1291 1275 2529 1401 Zinsen darumben dann Im Ambt
1321 1390 2568 1537 die haubtuerschreibung verhanden
1317 1522 2617 1661 damits die Remanentz nit so groß
1340 1541 3122 1813 machen Idest f 20000 s. d.
1286 2120 2522 2288 Item verschines etc Sechzigist Iar
1308 2270 2595 2409 Als dieselbig Zeit die Khu. Wg. Ietz
1346 2393 2538 2534 ige Röm. Khay. Mt. etc die herr
1336 2514 2557 2658 schafft Pardawitz vom herrn von
1343 2643 2564 2807 Pernstain erkhaufft von der stat
1118 2908 2439 3325 Latus per Se.
3664 639 4983 812 wienn gegen ainer Verschreibung auf
3634 787 4932 930 bracht worden Zehen tausent floren
3606 900 4946 1051 Reinisch auf Zway Iar lang Zubetzal
3604 1025 4934 1157 len dauon der Zins gleichwol das 61
3605 1131 4968 1260 Iar Laut meiner Raitung Emphanng
3631 1248 4946 1376 follio 56 Per Cento 5. thuet 500. fl.
3612 1363 4966 1498 betzalt aber des etc 62ten Iars angestanden
3670 1471 4979 1622 nichts weinger Ichs vnder den Purckh
3670 1597 4944 1758 recht Zinsen follio 77 eingestelt aber
3672 1718 4936 1884 in Remanentz ausgelassen vnd her
3678 1853 5000 2004 nach Anno etc 63.ten wie die haubt suma sambt
3662 1989 4963 2145 dem Innteresse gebracht Zehen taus
3658 2132 4962 2274 ennt sibenhundert Ainundneuntzig
3643 2247 4921 2412 floren funff schilling Zehen Phening
3628 2384 4918 2523 follio 115 widerumben als Zway
3641 2503 5020 2646 mall in Emphanng vnd
3641 2632 5024 2807 in aufgab khumen Demnach
