6263 4180
3217 283 5081 1098 Zeaintzigen
3859 1039 4980 1187 vnnd gemaine Ausgabenn
3635 1388 4945 1561 Item den funfften tag Ianuari dis
3631 1540 4902 1689 Ias hab Ich fur ain Neues Ambt Puech
3717 1668 4942 1815 dem Iörgen Schiller Puechfierer be
3699 1763 5533 1973 Zalt Laut Quittung f. 1. s. 2. d.
3623 2202 4899 2402 Adii den Neundten Ianuarii dem
3719 2404 4901 2511 Maister wilhalben Kaltn Pruner
3673 2504 4999 2621 stain schmider von Vier gemolierten
3681 2599 5009 2757 wappen Zuschneiden betzalt ich Laut Quittung
4544 2654 5547 2877 ꞩ f. 3. s. d.
3487 2925 4985 3389 Latus 4 f. 2. s. d.
