4971 4109
712 438 2004 708 Den 4. Iulii Zahlte Ich Ihrer Gdn
709 702 1991 787 herrn herrn Frantz Graffen von Her
720 789 1938 891 berstein Ober Comiss. etc. die Gem.
715 880 2001 969 Statt auf das abgewichene Monnath
704 965 2013 1057 Aprilis Zue getheilte Verpflegungs
720 1050 1906 1150 Contingent mit Zwey Tausent
720 1149 1991 1244 Neun hundert gulden 6. s. 24 d.
714 1239 1980 1333 Vermög Quitung der herrn Verord
735 1332 1964 1428 neten Zueschreiben vnd Extract
762 1423 1994 1521 Krafft welchen Gem. Statt von Ersten
749 1515 1981 1605 Decembris Anno etc. 1670. biß Letsten
727 1592 1997 1689 Iunii Anno etc. 1671. Monnatlich 2900 f.
723 1686 1929 1791 6. s. 24 d. vnd dann von Ersten
718 1789 1969 1881 Iulii biß Letzten gbris. 3304. f.
716 1871 1963 1967 - s. 12 d. Zue Verpflegung Zuege
735 1851 2434 2060 thellt worden hiebey Idest 2900 f. 6 s.
656 2168 2019 2341 Den 18. dito Zahlte Ich vorgedachten
724 2331 1936 2422 herrn herrn Graffen von herber
722 2424 1942 2514 stein etc. auf das Monnath Maii
715 2513 1911 2605 benentlichen Zwey Tausent
725 2607 2036 2697 Neun hundert gulden 6. s. 24 d
721 2569 2428 2806 ut Quitung hiebey Idest 2900. f. 6 s.
705 2900 1936 3077 Den 1. Augusti Zahlte Ich aber
717 3076 1911 3167 mahlen Ihrer Gden herrn herrn
712 3164 1889 3288 Frantz Graffen von Herberstein
850 3362 1934 3626 Latus 5801. f. 5 s. 18 d.
2946 478 4124 602 OberCommissario etc. die Gem. Statt
2951 601 4066 689 auf abgewichenen Monnath Iunii
2935 688 4045 780 Zuegetheilte Zwey Tausent
2930 786 4117 884 Neun hundert gulden 6. s. 24 d.
2937 880 4079 974 Verpflegungs Contingent Inhalt
2947 972 4095 1063 Quitung Raths vnd der herrn Ver
2957 1058 4053 1141 ordneten Zueschreiben hiebey
2945 1133 4061 1214 Krafft welchen die Verpflegung
2972 1211 4116 1315 biß Endt Iulii übernohmen worden
3272 1289 4762 1425 Idest 2900 f. 6. s. 24 d.
2905 1499 4065 1663 Den 12 Septembris Zahlte Ich
2936 1666 4014 1757 Ihrer Gden herrn herrn Franz
2933 1758 4086 1852 Graffen von Herberstein ober
2936 1848 4151 1946 Comiss. etc in Viertl Vnter Wienner
2968 1932 4118 2034 Walt in abschlag Gem. Statt biß
2943 2024 4133 2122 Endt Nouembris dis Iahr Zuege
2944 2122 4122 2207 theilten Verpflegungs Geldter
2954 2211 4123 2303 benentlichen drey Tausent
2939 2301 4117 2400 gulden rh. Lauth Quitung Raths
2939 2393 4088 2482 vnd der herrn Verordneten De
2926 2479 4110 2573 cret hiebey außwelchen Zuesehen
2927 2572 4138 2664 das die Verpflegung noch biß Endt
2924 2653 3884 2750 9bris Übernhomen worden
2939 2672 4587 2838 Idest 3000. f.
2920 2916 4125 3105 Den 3. Octobris Zahlte Ich wider
2924 3093 4145 3208 umben Ihrer Gnaden herrn herrn
3032 3319 4197 3582 Latus 5900. f. 6. s. 24 d.
