4743 3980
629 603 1972 770 Sollen Burgern Zue Prespurg den 9.
671 755 1978 890 October Anno etc. 1635. Zu Gemainer Statt
676 873 1964 993 Wienn angelegten 4000 f Capital
670 981 1993 1103 in abschlag derselben Benentlichen Vier
637 1094 1957 1227 hundert gulden rh. Lauth Quittung
688 1118 2332 1340 so hiebey Idest 400 f - s -
586 1516 1998 1676 Den .6. Maii beZalte ich herrn Baltha
643 1662 1968 1789 ser Pradetzen des Khay. Statt Gehrts
644 1769 1979 1887 Beysitzers vnnd Appodeckhern alhier
685 1878 1951 2003 der Ienigen den 16. Martii Anno etc. 1632.
654 1990 1973 2111 Zu Gemainer Statt hergelichene Ain
633 2095 1987 2216 hundert gulden rh. vermüg Cassirter
662 2202 1986 2322 obligation vnnd darauf gestelten quit
660 2311 1866 2458 tung Pr. abschreibung der Steuer
910 2355 2325 2544 Idest 100 f - s
663 2640 1960 2877 Eodem die Zalte ich Erstgedachtem herrn
845 2966 2076 3346 Lattus 500 f - s - d.
2681 573 3971 730 Pradetzen die Ebensfahls den 25.
2692 717 4013 857 Februarii 634. durch ihme Zu Gem.
2706 837 3989 965 Statt hergelichen Ainhundert gulden
2719 949 4041 1081 Reinisch durch abschreibung seiner auß
2732 1063 4033 1185 stendig gewesten Steuer vermüg Cas
2705 1150 4510 1337 sirten oblig. Idest 100 f - s -
2646 1539 3973 1700 Den 29. dito Zalte ich auch frauen Ca
2703 1690 3965 1806 tharina Praunauerin Wittib die
2706 1802 4046 1921 Ienigen durch Ihren haußwierth herrn
2703 1904 3940 2037 Hannß Cristophen Pranauer
2696 2014 3896 2137 gewesten Burger alhier seel. den
2716 2128 3913 2256 10. Martii 632. Zue Gemainer
2730 2245 3962 2370 Statt hergelichene dreyssig gulden
2725 2356 3962 2486 Reinisch vermüg Cassierten Obliga
2746 2470 3979 2581 tion vnnd darauf gestelten Quit
2748 2572 3948 2715 tung vnnd Anbringen so hiebey
2742 2678 4568 2863 Idest 30 f - s -
2729 2928 4068 3403 Lattus 130 f - s - d.
