4750 3938
672 557 1847 764 nach Anno etc. 1632. den 10. Martii
677 729 1898 877 durch Stephann Printzenthaller her
671 856 1842 1005 gelichenen Zehen gulden reinisch
669 983 1904 1129 vermüg Cassierten Obligation hie
693 1028 2333 1210 bey Idest 10 f - s -
622 1546 1939 1713 Den 27. dito Zalte ich herrn Hannß
707 1701 1917 1840 Kharchen des Aussern Raths seine
705 1820 1904 1950 den 27. Nouember Anno etc. 637. Zue
672 1937 1882 2067 Gemainer Statt hergelichene Zway
649 2050 1882 2202 hundert gulden rh. sambt dem ver
694 2167 1907 2311 schribenen vnnd mit 27. dis Neün
704 2290 1938 2433 Monathlichen verfallenen Interesse
724 2402 1896 2545 der Neün gulden Zusamben also Be
686 2518 1934 2662 nentlichen Zwayhundert Neün gul
714 2634 1922 2785 den rh. durch abschreibung seiner 638.
719 2763 1918 2899 Iährigen Steuer vermig Cassirten
728 2830 2352 3033 oblig. so hiebey Idest 209 f - s
870 3118 2060 3390 Lattus 219 f - s -
2767 371 4007 564 Eodem dato Zalte Ich Iacoben Strengen
2783 541 4018 679 Burger vnnd Schweinen Fleischhackhern
2788 652 3980 789 seine den 27. 9ber. Anno etc 1637. Zu Gem.
2785 764 4007 886 Statt hergelichene Ainhundert gulden
2797 870 4000 983 rh. sambt dem mit obgefetztem dato
2793 978 3992 1103 verfallenen verschribenen Interesse
2791 1083 4016 1201 benentlichen Ainhundert vier gulden
2822 1191 3970 1330 4. s d. vermüg Cassirten Oblig. so
2794 1313 4592 1537 hiebey Idest 104 f 4 s -
2721 1552 4021 1726 Den 30. dito Zalte ich herrn Lorentzen
2754 1712 4010 1843 Khirchamber deß Aussern Raths seine
2753 1833 3982 1964 Zu Gem. Statt den 27. 9ber. 1637.
2743 1945 3951 2073 hergelichene dreyhundert funff Zig
2743 2057 3999 2184 gulden sambt dem prorato temporis
2741 2166 4024 2297 dauon verschriben vnnd gebührendten
2738 2274 3961 2399 Interesse mit abschreibung seiner
2740 2384 4036 2504 Steuer benentlichen dreyhundert drey
2782 2488 4003 2626 vnnd Sechtzig gulden 4. s d. vermüg
2735 2611 4599 2811 Cassirt Oblig. so hiebey Idest 363 f 4 s -
2878 2921 4044 3248 Lattus 468 f - s -
