4747 3936
658 529 2039 676 nario Zu völliger abstattung der Ienigen
668 671 2074 812 durch herrn Cristophen Rallen Burger
646 785 2085 917 Zu Preßpurg in Hungarn den 9. Octobris
654 910 1995 1053 Anno etc 635. Zu Gem. Statt hergelichene oder
671 1028 2022 1148 angelegte Viertausent gulden Capital
666 1142 1981 1261 vber die daran vorhero vnderschidlich ge
653 1244 1915 1358 laiste beZallungen sambt dem dauon
668 1353 1963 1480 biß Vltimo Iunii dis Iahr verfallenen
677 1465 1986 1587 Interesse vermüg hiebeyligender Spe
693 1570 1939 1682 cificirter abraittung Benentlichen
706 1683 1929 1809 Zway Tausent Siben vnnd ZwainZig
702 1801 1942 1918 gulden 1. s 27. d. vermüg hiebeyli
663 1910 1892 2049 gendter Cassirten Obligation Cession
661 2026 1954 2154 vnnd arauf Beschechenen abschreibung
670 2126 2032 2268 auch des weegen sowohl der Buechhalterey
679 2252 2041 2400 alß ober Cammer Ambts Beeden Brichten
736 2302 2347 2464 Idest 2027 f 1 s
630 2532 1980 2700 Den 3. Iulii beZalte ich denen Burger
687 2672 1989 2848 lichen Zimermaistern alhier die Ienigen
952 2955 1626 3173 Lattus per Se.
2789 526 3971 714 Den 10. Martii Anno etc 1632. Zu Gem.
2796 689 3947 827 Statt hergelichen vnnd dem Hannß
2793 807 4012 948 Wolffen auch Gem. Statt bestelten Zim
2790 930 3991 1063 merman nochmalß Cedirte Ainhun
2781 1033 4074 1177 dert gulden rh. durch abschreibung seiner
2767 1155 4004 1296 Steuer vermüg Cassirten obligation
2801 1263 4526 1445 vnd Cession so hiebey Idest 100 f - s -
2736 1568 4082 1760 Den 11. Augustii Zalte ich herrn Martin
2794 1744 4040 1869 Partzmayr des Innern Statt Raths
2797 1854 3971 1984 alhier die Ienigen durch ihme den
2784 1961 4043 2090 6. Martii 632. Zu Gemainer Statt
2783 2078 3992 2224 hergelichene Ainhundert gulden rh.
2793 2202 3958 2342 vermüg hiebeyligendt Cassirten
2808 2331 3982 2451 Obligation vnnd Anbringen so hie
2827 2446 4056 2598 bey durch abschreibung seiner Steuer
2793 2580 4480 2748 Idest 100 f - s -
2745 2734 3921 2904 Den 14. dito Zalte ich die Ienigen
2882 2993 4068 3236 Lattus 200 f - s - d.
