4747 3966
626 562 2014 734 Den 5. Iunii Zalte ich herrn Iohann
646 717 1940 844 Paull vnnd Iohann Baptista die
623 837 1953 976 Iulinischen gebrüeder hoff handls
637 946 1972 1074 Leithen alhier die Ienigen durch sye
674 1052 1929 1186 den 26. Nouember Anno etc 1637. Zue
657 1167 1979 1287 Gemainer Statt Wienn gegen Sechs
657 1281 1940 1406 Per Cento verschribene vnnd dar
639 1384 1967 1505 gelichene Ain Tausent gulden rh.
652 1493 1866 1600 sambt dem dauon verfallenen
652 1595 1950 1736 halb Iährigen Interesse der dreissig
659 1716 1946 1839 gulden Zuesamben also benentlichen
658 1828 1956 1956 Ain Tausent dreissig gulden reinisch
681 1946 1955 2080 vermüg hiebeyligendter Cassirten
692 2065 1987 2192 obligation vnnd darauf gestelten
583 2157 2325 2333 Quittung Idest 1030 f - s -
671 2579 1867 2775 Den 28. dito Zalte ich Frauen
879 2939 1715 3183 Lattus per Se.
2678 428 3995 653 Catharina Weyllandt herrn Eme
2718 639 4023 756 richen Foggi gewesten des Aus
2714 749 3958 875 sern Raths vnnd hanndlsman
2719 864 4023 971 alhier seel. hinderlassenen frauen
2732 964 3956 1104 Wittib in Abschlag der Ienigen
2742 1091 3949 1220 durch Ihren herrn Ehewüerth
2720 1204 3889 1329 Zue Gemainer Statt Wienn
2702 1321 4027 1451 hergelichenen vnnd Zue Resst an
2698 1439 4012 1562 ligenndten funff Zehen hundert
2732 1555 4051 1675 gulden reinisch Capital Benentlichen
2739 1667 4014 1800 fünff hundert gulden reinisch ver
2753 1791 3960 1932 müg hiebeyligendter Quittung so
2741 1913 4560 2125 hiebey Idest 500 f - s -
2689 2309 4055 2495 Den Lesten dito Zalte ich auch herrn
2712 2469 3976 2593 Danieln Sandinger Burger
2698 2580 4027 2745 vnnd Eisenhandler alhier alß Cessio
2876 2885 3606 3138 Lattus per Se.
