5159 3754
693 451 2020 600 Emphanngen von Veiten Puechfinckh schneider
705 554 1946 665 den Purckhrecht Zinß von Ainem hundert
696 630 1980 758 gulden haubtgelt die Er auf seinem hauß
691 711 2329 882 ligundt hat ꞩ f. 4. s. d.
610 865 1896 991 Item Pauli emphanngen von Georgen
653 965 1948 1088 Khorbisch hafner den Purckhrecht Zinß von
651 1056 1909 1173 Ainem hundert Phund Phening haubt
659 1144 1935 1252 gelt so auf seinem hauß ligen vnd auf
668 1225 1936 1364 Pauli alweg der Zinß 5. γ. d. verfallen
1656 1341 2307 1485 Idest f. 5. s. d.
571 1469 1860 1620 Den vierundZwaintzigisten Decembris
658 1582 1926 1698 Emphanngen von Hannsen wasserhauer
670 1670 1932 1783 in dem Naglergässl den Zinß von 100. γ. d.
646 1756 1892 1864 haubtgelt auf seinem hauß ligundt in
618 1844 1902 1952 die Cantorey gehörig Zalt er des 53. vnd
641 1925 1874 2043 dits 54. Iar alweg Michaelis Fünff
664 2014 2359 2176 Phundt Phening verfallen ꞩ f. 10. s. d.
641 2165 1918 2315 Item den lessten Decembris Emphangen
693 2291 1927 2399 von Mertten schmidt schneider so Hannsen
681 2363 1911 2472 Kalhaimers schneiders seligen wittib ge
686 2447 1876 2596 nomen hat den Purckhrecht Zinß von
672 2593 1785 2835 Latus 19. γ. s. d.
3111 464 4362 610 100 γ. d. haubtgelt auf gemelts Khal
3127 593 4343 708 haimers schneiders hauß ligen so er dits
3117 674 4784 826 54. Iars verfallen ꞩ f. 5. s. d.
2964 842 4355 1022 Mer den lesten Decembris Anno etc Im 54.
3097 987 4340 1100 Emphanngen von Georgen Auer Saltzer
3111 1075 4315 1188 am Saltzgrieß den Purckhrecht Zinß von
3086 1167 4310 1270 Ain hundert viertzig Phundt haubtgelt
3089 1247 4353 1354 auf seinem hauß ligundt Zu der Frauen
3059 1330 4349 1440 Agneß Feldkhircherin stifft gehörig vnd
3079 1421 4742 1568 dits 54. Iars 6. γ. d. verfallen thuet f. 6. s. d.
2996 1618 4328 1779 Item Emphanngen Purckhrecht Zinß von
3094 1747 4280 1864 Maister Andre Khirchsteters Pinters
3114 1828 4328 1947 seligen gelassener wittib von Ain hundert
3109 1916 4274 2032 Phundt Phening haubtgelt die Ir vnnd
3089 2000 4333 2124 Irem hauswiert negst verschines etc 53. Iars
3097 2094 4305 2200 aus dem Camer ambt gelichen worden
3067 2172 4314 2290 Auf Irem hauß ligundt thuet Fünff
3085 2246 4776 2399 Phund Phening Idest f. 5. s. d.
3264 2475 4335 2721 Latus 16 γ. s. d.
