5140 3760
2896 247 4205 649 Von der Stat
3233 643 4097 760 Gründtpuech emphanngen
3034 812 4358 962 Item den Zwaintzigisten Decembris des Zuent
3068 955 4387 1088 lauffenden vierundfunfftzigisten Iar emphan
3068 1076 4398 1185 gen von den herrn n. Gemainer stat Grund
3074 1171 4378 1303 puechs hanndlern das gefell Zu dem Grundt
3077 1288 4351 1427 puech dits 54 Iar gefallen benenntlich drey
3076 1407 4373 1557 hundert vierundachtzig Phundt funff schilling
3071 1546 4912 1706 vnnd Zwen Phening Idest f. 384. s. 5. d. 2.
3143 1824 4130 2298 Summa vnd Latus per se.
