5546 4173
801 499 2072 653 Michelnn melmres Stainmessen In ainem hofge
872 642 2085 706 wannt das er seinenn Zewg vnd dienner Zu dem
881 678 2127 759 Ganng auf der Schrann am Hochenmarkt vnd anndrer
883 754 2138 837 pawenn der Stat gelichenn hat viij̸ ellen Roten Lanngen
900 824 1228 904 Nurmberger
830 1350 1985 1578 Suma des vorgenannten Ausgebenns von genadenn  ꞩ
868 1540 1518 1610 C xxxviii γ Lxii d
879 1956 2077 2105 Auf die So Im lesen vnnder den Torren
940 2098 2098 2192 gestannden auch den Herren vnd annderen So am wein
948 2152 1512 2237 schreiben geganngen seien
832 2265 2110 2375 Der Schreiberenn So am weinschreibenn geganngen seien
900 2319 2618 2417 yedem i γ ꞩ iiii γ d
878 2409 2188 2489 Acht Stewr Knechtenn die auch am weinschreibn ganngen
876 2462 2637 2585 sind yedem iiii s vnd in der Stewr auf mich geschribn iiii γ d
2017 2537 2127 2604 ꞩ
1103 2885 1669 3023 Suma Latus ꞩ viii γ d
3405 435 4737 688 Einannder ausgeben den Hienach benanten
3472 650 3889 737 Personnen Iren solde
3404 750 4712 865 Herenn Iacoben Rechwein vnd Anndreen Branntsteter Fur Iren
3451 858 4705 916 Solde das Sy an einbringung der weinstewr vnd viertzigistn
3451 911 4716 976 phunds das nagsturganngn lxxxxii Iars verwilliget vnd
3459 972 4678 1044 auch des Weitzschko auslags des lxxxxiii stn Iars gesessen
3474 986 5226 1108 sind yedem xvi γ vt Q ꞩ xxxii γ d
3382 1127 4728 1221 Demselben Rechwein vnd Branntsteter das Sy an einbrin
3434 1205 4743 1271 gung der Remanenntz Weinstewr viertzigisten phunds vnd
3465 1264 4766 1339 weitzschko anlags ditz gegennburttign Lxxxxiiii Iars gesessen
3468 1279 5257 1383 sind yedm v γ vt Q ꞩ x γ d
3420 1405 4700 1506 Mr Niclasen Schuelmaister Zu sannd Steffon an seinem
3456 1455 5275 1553 Sold Innehalt ainer Q xxxii γ d
3400 1576 5250 1695 Dem Ormaister Zu sannd Steffonn seinenn Sold vt Q xviii γ d
3418 1704 4813 1798 Iacobenn Schratzen der Stat poten seinenn Sold das Iar wochn
3470 1780 5275 1868 lichenn Lx vt Q ꞩ xiii γ d
3452 1874 4752 1977 Sigmunden Mautter bey sannd Niclas seinenn Sold das Iar
3456 1944 5270 2048 Lii wochenn per iii s vt Q ꞩ xviiii γ s d
3439 2045 4701 2155 Hannsen Leuntlein wirt in kernnerthuren seinenn sold
3474 2104 5292 2213 das Iar lii wochenn per Lx vt Q ꞩ xiii γ d
3441 2224 4819 2339 Hannsen Dachawer Torhuetter Beynn klewbhofen x wochen
3472 2313 5298 2402 sold per Lx vt Q ꞩ ii γ iiii s d
3399 2426 4783 2526 Wolffganngen Prukhnner der an des yetz genannten Dach
3459 2517 4790 2596 awer stat Zu Torhuetter beynn klewbhofen ist aufgenomen
3430 2561 5310 2653 wordn xxxvii wochenn sold per iiii s vt Q ꞩ xviii γ s d
3432 2670 4737 2774 Thomon Teyrel auf dem Newennthuren seinen Sold das
3475 2718 5286 2846 Iar lii wochenn per Lx vt Q ꞩ xiii γ d
3425 2847 4690 2968 Steffonn Munichawser Remanenntzer x wochennsold per
3489 2926 5303 3027 iiii s vt Q ꞩ v γ d
3534 3100 4454 3411 Latus c lxvii γ iiii s d
