5456 4142
813 488 2073 619 So vermeld Ich das Ich der Stat am Ros schuldig bin Als
834 610 2109 688 dann das in meinenn vorigenn Raittungen antzaigt wirdet
931 1482 2006 1591 Suma Sumarum alles vorgeschribenn Innemens des
898 1576 2104 1678 Benutenn gelts ꞩ vi M vi C xi γ vii s xviiii d x
905 2123 2253 2312 Suma Innemens der Remanenntz ꞩ C Lxxiiii γ x s vii d
859 2701 2031 2816 Suma Sumarum alles Innemens des beraiten gelts mit
855 2802 2407 2913 sambt den Remanenntzen ꞩ vi M vii c Lxxxi γ iiii s xxvi d
3329 507 4642 679 Daentgegen mein Ausgeben des vorgenannten
3373 665 4655 775 Tausennt Vier hunndert vnd vierund
3400 765 4615 839 Newnntzigisten Iares von gemainer Stat Wienn wegenn
3436 827 4322 925 gehanndlet vnd geton Hienach uoligunnd
3482 948 4127 1147 Vonerst gen Hof
3304 1130 4638 1269 Mit Herenn Perennharten Perger weilennd vnnsers
3403 1219 4679 1315 allergenedigistenn herrenn des Romischen Kaiser etc Anwald
3416 1296 4632 1371 in der Stat Rate hie auf der kunigelichen Mt. gescheftbrief
3410 1336 4646 1434 abgeraitt seinenn Anwald sold vii Quottember Zu yeglicher
3411 1419 4644 1494 xxv γ Laut seiner Q die der Ro. Ku. Mt. Schatzmaister in
3395 1432 5092 1562 der Raittung Zu hof Innehaltenn hat ꞩ C Lxxv γ d
3393 1532 4657 1617 Daraus mir bey den Stewrherren von der Tennglen wegn
3409 1600 4598 1674 ij̸ c γ sein her Perennharts der Statstewrhalbn xvi γ
3423 1658 4607 1746 Vnd die viiii γ d bey der Stat schulden In mein Innemen
3459 1742 3624 1800 komen
3340 1812 4624 1923 Mit Herenn Sigmunden Marollttinger vnnsers aller
3421 1899 4670 1974 genedigistenn herrenn des Romischen kunigs Anwald etc
3435 1930 4687 2033 auf seiner kn gnaden gescheftbrief abgerait seinen Anwald
3439 2013 4654 2089 sold von ij̸ Iaren ain Iar ii γ d Laut seiner Q So der
3410 2053 5105 2165 Schatzmaister in der Raittung Zu hof Inne behalten hat ꞩ iii C γ d
3425 2148 4615 2227 Daraus Ich bey den Stewrherrenn C lviiii γ vnd vor bey
3453 2212 4605 2297 der Stat schuldenn C xli γ d in mein Innemen ge
3464 2292 3734 2358 schriben hab
3393 2366 4629 2472 Dem Cantor Zu sannd Steffann von der Knaben wegenn
3406 2380 5133 2546 So vor sotzleichnamd geen vt Q xl γ d
3391 2558 4722 2692 Dem Kirchmaister Zu sannd Michel von wegen derselben
3464 2598 5159 2763 Knabenn vt Q vii γ d
3455 2913 4270 3254 Latus v C xxii γ d
