5479 4142
690 423 2081 581 Mit Sigmundenn Gwaltzhofer Munnssmaister wittib
850 564 2031 638 ist abtzuraitten nach laut der vorigen Iar Wann Ich
857 619 2035 702 Iren Mann nach Sy Zu dhainer Raittung nye hab
887 678 2029 758 bringenn inugen hat des ain Zedl vnd vermainet
866 748 1527 836 die Stat sey Ir auch schuldig
822 826 2119 928 Mit Hannsenn Luatsch den man auch nennet haidn
865 914 2096 990 von dem lxxxxiii Iar abgerait vnd hat gehabt iii ampfer
879 973 2066 1050 vnd ii lagl die ampfer per vii γ die lagl per vi s Im
868 1020 2588 1124 dar Inn nachgebn iiii s ꞩ dennoch xxii γ d
789 1150 1979 1253 Mit demselbnn Luatschen abgeraitt von dem
836 1208 2583 1328 Lxxxxiiii Iar das er gehabt hat vi lagl per vi s ꞩ iiii γ iiii s d
857 1335 1962 1427 So ist Im auch aufgemerkt worden das er von
888 1413 1989 1485 der Osterperger aus der Newennstat ain halbe
890 1477 1981 1549 ampfer malmasia sol enphanngen habn der
894 1539 1980 1621 er aber in Irrung komen ist sol noch an dem
896 1611 1561 1698 Osterperger erfragt werdn
874 1717 1959 1813 Iorg Muerer von Knuttelfeld sol noch laut
887 1811 1992 1875 meiner verttign Raittung abraitten oder wein
895 1869 1979 1968 er den Malmasia gebn hab vnnderricht thun
809 1994 2005 2126 Dermassen Anndre Prettl von prukh auch laut
900 2100 1603 2194 meiner Verttigenn Raittung
799 2218 2090 2358 Peter Paldauf hat ditz gegennburttign Lxxxxiiii Iars
862 2338 2069 2406 gehabt vom Remen ii lagl von Sigmundn Sibn
876 2398 2029 2465 burger iiii lagl vnd von dem von Zintzenndorff
891 2458 2054 2540 i Lagl Ist im ain tail daraus verdorbn Die
899 2457 2617 2616 vbermass gelassen iii γ iiii s d
1018 2700 1609 2925 Latus xxx γ d
910 2975 2031 3184 Suma Innemens von der vorgenannten Taferen
952 3160 1872 3254 ꞩ ii C xvii γ iii s xvi d
3462 516 4651 679 Innemen vom vnd gegen dem Roten
3534 643 3805 710 turenn vber
3440 735 4708 844 An Sambstag vor sannd panngretzenn tag von Iorgn Hedl
3462 830 4709 893 Ambtman seines Bestanndes darumb Im die waid verlassen
3497 861 5182 942 ist xv γ d
3425 1120 4717 1275 Innemen von der Maut Zu Stadlau
3486 1252 4527 1345 Auch der Alpeltawer vnd kagranner gerechtigkait
3422 1348 4663 1452 Von Mathesenn Guetgesellenn Mawtter auf der pruken
3466 1434 4642 1493 vor dem Rotenturen bey der Slagprukh von der Mawt Zu
3464 1481 4693 1552 Stadlaw So dises Iar vber seinenn Solde gefallen vnd dem
3461 1506 5326 1634 Abbt Zunn Schottenn an seiner schuld gebn ist C xxv γ x s xxviii d ob
3396 1630 4692 1740 In desselbenn Mawtter gegennburt von Peterenn Heindlein
3446 1730 4643 1793 von Alpltaw derselben Apltawer gerechtigkaithalbn an
3457 1786 4645 1854 Eritag sand Valenntins tag vii s iiii d Zu sannd Iorgn tag
3459 1843 4680 1906 von den von Alpltaw i γ xxiiii d darnach Zu den phingsten
3470 1901 4642 1965 i γ xxii d dauon dem Heindl Zu dtringken das ers hat
3473 1965 4660 2039 einbracht xxiiii d. Vnd von den Kagranneren die nur x
3481 1992 5274 2106 Hewser haben per Mautter Lxxxiiii d ꞩ iii γ Lxxx d
3605 2173 4509 2331 Suma Latus C xxviiii γ xviii d
3399 2345 4664 2559 Innemen von der kursner Maisterschaft
3381 2545 5276 2687 Von Wolfganngen Hiess Kursner i γ d
3368 2783 5273 2981 Innemen von der Barban der Beschau iii γ d
