5546 4189
982 486 2166 661 Von gnaden nach gescheft des Rates fur
1028 648 1535 745 Letz vnd hofgewannt
772 750 2094 868 An phintzag nach dem Sonntag Letare nach beuelch meiner
873 853 2117 919 herrenn im Rat des Burgermaister dienneren Zu ainer pes
871 878 2620 993 serung nachdem man lanng nit Rat besessen hat ii γ d
828 982 2121 1079 An Fritag vor sand Iorgenn tag nach Beuelhung meiner hern
861 1069 2120 1134 Burgermaister vnd Rat auf ain Suplicacion durch herren
866 1122 2132 1193 Wolfganngn Canntor in den Rat geanntwurt ainem
883 1175 2152 1248 knaben genannt Cristof von Znaym Zu ainem Lanngen Rokh
903 1234 2130 1307 in gegenburt Mr Augustin Haberman Sneider iiiij̸ elln
878 1260 2601 1370 Rots tuch ain elln per Lxxv ꞩ i γ iii s vii d
834 1395 2164 1491 An Monntag nach Bartholomei gekauft von Herren Hannsen
892 1470 2143 1550 koppln ainem Rotenn lanngn Nuremberger den Schutzen
894 1482 2601 1620 Zu Hostuecherenn per xvi γ d
822 1627 2090 1727 An Fritag nach sannd Thomanns tag betzallt herren Paulen
860 1710 2082 1775 kegkhenn dienner Vnnder den lawbn ainenn lanngenn
886 1763 2082 1826 Roten Nuremberger So den Schutzenn Zu hostucheren
879 1774 2614 1907 gebn ist in beywesen des kekhn Son xvi γ d
800 1927 2077 2034 Maister Hannsenn Mennestorffer Statschreiber sein
897 1957 2607 2095 Letz aus dem Rat xxxii γ d
830 2110 2088 2245 Des Burgermaister diennerenn Fur ir letz vnd hofge
899 2146 2609 2270 wannt xii γ d
828 2294 2606 2402 Den Schreiberenn Im Rathaws letz vi γ d
851 2417 2610 2524 Dem Saltzburger fur sein hofgewannt xvii γ d
819 2541 2615 2663 Dem Hawsknecht Im Rathaws letz ausm Rat i γ d
827 2665 2076 2771 Den Stewrknechten aus Haissenn des Rats Zwen plab
879 2758 2084 2828 putzpacher Zu hofgwannt kauft von Herren Hannsen
898 2768 2642 2920 Kopplein an Fritag nach Thome vmb xii γ d
799 3032 1895 3345 Latus c xi γ iii s vii d
3400 528 4664 646 Fur Hofgwannt Maister Merttenn der Stat Zimerman
3461 639 4674 713 Mr Iorgen Stat knecht yedem iii γ vnd dem huebler xii s
3457 653 5229 756 vt Q ꞩ vii γ iiii s d
3433 785 4690 892 Den Turnerenn in sannd Steffanns thuren von der Rat
3497 862 5253 949 glokhenn Zuleittenn vt Q iiii γ d
3485 935 4644 1046 Vnd dartzue Ir hofgewannt tuch in lanngen Rotenn
3484 1012 3823 1086 Nuremberger
3450 1102 5270 1227 Des Richter diennern Fur Ir hofgewannt oder oppfer gelt iii γ d
3442 1216 4720 1337 Hannsenn Cles Iorgen Cles des thurnner in sand Steffons
3485 1325 4718 1390 thurenn Son nach Beuelhung meiner herrenn Burgermaister
3478 1376 4744 1449 vnd Rat darumb das er etliche Zeit Zu Bren der Stat neben
3456 1441 4737 1505 demselben Seinem vater vnd Hainreichn Snawrrenberger
3463 1503 4750 1577 Turnner im thurenn geplasen hat vnd In damit abgeferttigt
3481 1556 5211 1623 vt Q ii y d
3383 1633 4732 1741 Iorgenn Rosennhaimer Appotegker Inhanndn Inn khrawenn
3425 1730 4757 1795 Agnesenn seiner dienner Inn die er Anndreenn Winkhler Zu
3476 1791 4748 1852 Mistelbach verheyrat vnd Ir der Rat Zu heyratgut Zugebenn
3468 1852 4761 1913 beuolhenn hat vnd komen her von der Rigel haws an Sand
3433 1888 5237 1989 petersPreithof verschribenn v fl vnngrisch per x s xx vt Q vi γ v s x d
3385 2003 4798 2112 Michelenn Zwetler dem Fuerer vnd Ehbethen seiner hausfrauen
3476 2105 4739 2171 auch Zu heyratgut von yetzgemelter Rigel haws herkom
3473 2131 5256 2252 mend v fl vnngrisch per x s xx ꞩ vi γ v s x d
3380 2268 4743 2367 Aber Herrenn Hannsen Koppl vmb iiii ellenn Roten lanngenn
3425 2357 4720 2425 Nuremberger den Schutzen die an den vorgenanten Zwain
3440 2416 4735 2501 Stukhn dauon In vnd anndern gebn ist abganngn seien die
3485 2455 5228 2550 ellenn per iiii s ꞩ ii γ d
3401 2574 4762 2674 Iorgenn Reinharten der Armbst schutzenn Schutzenmaister
3441 2666 4814 2733 ist das Iar auf die Armbst schutzenn geben auf xxiii Sontag
3455 2728 4748 2788 angefanngn des Sonntag nach sannd Iorgen tag vnntzt
3457 2780 4761 2849 auf Sonntag vor Sand Michelstag yeglichen Sonntag ain
3457 2846 4672 2920 ellen vnd ain drittail ꞩ xxx ellen vnd ii drittail
3414 2913 4789 3003 Allermassen seien auch gebn Hannsen Hierspeioler vnd Fridrer
3400 2989 4641 3096 Lachperger der puxenmaister Schutzenmaister vt Q
3322 3263 4393 3605 Latus xxxi γ vi s xx d
