<?xml version="1.0" encoding="UTF-8" standalone="yes"?>
<PcGts xmlns="http://schema.primaresearch.org/PAGE/gts/pagecontent/2013-07-15">
    <Metadata>
        <Creator>prov=READ-COOP:name=PyLaia@TranskribusPlatform:version=2.31.0:model_id=391557:lm=provided:date=25_09_2025_09:13</Creator>
        <Created>2025-09-11T12:19:27.487+02:00</Created>
        <LastChange>2025-10-24T10:21:05.033+02:00</LastChange>
        <TranskribusMetadata docId="10582920" pageId="102838390" pageNr="15" status="GT" userId="261754" imgUrl="https://files.transkribus.eu/Get?id=KQYVLZFALUNDBQRGLJDSCWEP&amp;fileType=view" imageId="86217555"/>
    </Metadata>
    <Page imageFilename="102838390.tif" imageWidth="5497" imageHeight="4167">
        <TextRegion id="region_154974167" custom="readingOrder {index:0;}">
            <Coords points="0,0 2748,0 2748,4167 0,4167"/>
            <TextLine id="tl_1758705878" custom="readingOrder {index:0;}">
                <Coords points="984,482 984,534 989,562 1005,574 1037,582 1481,578 2017,579 2054,571 2066,561 2071,547 2071,495 2068,483 2055,475 2022,470 1674,464 1467,465 1359,481 1273,483 1235,481 1143,466 1080,444 1031,438 996,446 988,459"/>
                <Baseline points="984,546 2071,546"/>
                <TextEquiv>
                    <Unicode>Die Burgerrecht abbrochen vnd betzalt aber nit</Unicode>
                </TextEquiv>
            </TextLine>
            <TextLine id="tl_1758705856" custom="readingOrder {index:1;}">
                <Coords points="1038,574 1392,574 1392,654 1038,654"/>
                <Baseline points="1038,634 1392,634"/>
                <TextEquiv>
                    <Unicode>gesworenn haben</Unicode>
                </TextEquiv>
            </TextLine>
            <TextLine id="line_1758782963249_214" custom="readingOrder {index:2;}">
                <Coords points="759,650 780,637 821,636 2172,607 2207,608 2492,645 2515,648 2521,652 2525,661 2525,731 2523,736 2513,738 1083,743 780,742 761,738 752,730 751,713 751,678 753,663"/>
                <Baseline points="751,714 1364,714 2059,703 2525,703"/>
                <TextEquiv>
                    <Unicode>Hanns Mostfogl pogner ain vbermachts armbst</Unicode>
                </TextEquiv>
            </TextLine>
            <TextLine id="tl_1758705873" custom="readingOrder {index:3;}">
                <Coords points="776,734 1308,734 2545,735 2549,785 2087,801 1308,796 776,796"/>
                <Baseline points="776,779 1308,779"/>
                <TextEquiv>
                    <Unicode>Iorg Waldner vischer i γ d</Unicode>
                </TextEquiv>
            </TextLine>
            <TextLine id="tl_1758705880" custom="readingOrder {index:4;}">
                <Coords points="785,794 1286,794 2548,794 2556,835 2550,853 1286,855 785,855"/>
                <Baseline points="785,839 1286,839"/>
                <TextEquiv>
                    <Unicode>Iorg Prem hawer vi s d</Unicode>
                </TextEquiv>
            </TextLine>
            <TextLine id="line_1758782966911_218" custom="readingOrder {index:5;}">
                <Coords points="786,862 813,857 996,851 1138,847 1319,843 2497,847 2518,850 2528,854 2551,860 2552,885 2547,898 2525,905 2494,900 1170,918 784,918 779,917 778,876 780,868"/>
                <Baseline points="778,897 1397,897 2061,889 2540,889"/>
                <TextEquiv>
                    <Unicode>Steffan Kerner von Brunn iiii γ d</Unicode>
                </TextEquiv>
            </TextLine>
            <TextLine id="line_1758782971999_222" custom="readingOrder {index:6;} unclear {offset:7;length:20;}">
                <Coords points="784,933 822,928 990,920 1449,909 2066,903 2552,902 2552,963 1486,986 843,985 788,982 779,976 777,969 777,944"/>
                <Baseline points="777,966 1497,966 2066,948 2534,948"/>
                <TextEquiv>
                    <Unicode>Caspar pewgewaiff hunrayrer i γ d</Unicode>
                </TextEquiv>
            </TextLine>
            <TextLine id="line_1758782978019_226" custom="readingOrder {index:7;}">
                <Coords points="782,992 790,986 817,984 1026,978 2064,967 2545,968 2545,1036 838,1042 787,1041 781,1036 780,1033 780,1000"/>
                <Baseline points="780,1026 1333,1026 2064,1018 2501,1018"/>
                <TextEquiv>
                    <Unicode>Mert Strobl pintter iiii s d</Unicode>
                </TextEquiv>
            </TextLine>
            <TextLine id="tl_1758705872" custom="readingOrder {index:8;} unclear {offset:7;length:8;}">
                <Coords points="779,1035 1490,1035 2552,1038 2560,1082 1490,1104 779,1104"/>
                <Baseline points="779,1086 1490,1086"/>
                <TextEquiv>
                    <Unicode>Niclas Wodscher kotzenmacher vi s d</Unicode>
                </TextEquiv>
            </TextLine>
            <TextLine id="tl_1758705858" custom="readingOrder {index:9;}">
                <Coords points="788,1103 1441,1103 2562,1094 2579,1146 1441,1173 788,1173"/>
                <Baseline points="788,1154 1441,1154"/>
                <TextEquiv>
                    <Unicode>Paul Seyberlich goldslaher vi s d</Unicode>
                </TextEquiv>
            </TextLine>
            <TextLine id="tl_1758705852" custom="readingOrder {index:10;}">
                <Coords points="786,1168 1339,1168 2555,1155 2573,1212 1339,1234 786,1234"/>
                <Baseline points="786,1216 1339,1216"/>
                <TextEquiv>
                    <Unicode>Paul Spanfues hawer iii s d</Unicode>
                </TextEquiv>
            </TextLine>
            <TextLine id="tl_1758705857" custom="readingOrder {index:11;}">
                <Coords points="2565,1295 2581,1268 2570,1220 1321,1240 1316,1235 1297,1233 1197,1235 1050,1235 975,1240 815,1240 798,1243 792,1249 792,1294 794,1299 798,1302 817,1305 907,1305 1001,1296 1202,1298 1219,1300 1297,1299 1314,1295 1320,1289"/>
                <Baseline points="792,1287 1321,1287"/>
                <TextEquiv>
                    <Unicode>Steffan Haider hawer iiii s d</Unicode>
                </TextEquiv>
            </TextLine>
            <TextLine id="tl_1758705875" custom="readingOrder {index:12;} unclear {offset:14;length:5;}">
                <Coords points="786,1297 1289,1297 2562,1298 2563,1328 2547,1357 1289,1359 786,1359"/>
                <Baseline points="786,1342 1289,1342"/>
                <TextEquiv>
                    <Unicode>Vrban Sturenn Irger vi s d</Unicode>
                </TextEquiv>
            </TextLine>
            <TextLine id="tl_1758705865" custom="readingOrder {index:13;}">
                <Coords points="2552,1391 2559,1373 2559,1359 1356,1355 1346,1349 1335,1348 1207,1349 1104,1355 871,1358 856,1360 826,1360 790,1364 785,1367 782,1375 781,1403 785,1418 811,1420 1309,1419 1332,1418 1355,1413 2552,1411"/>
                <Baseline points="781,1402 1361,1402"/>
                <TextEquiv>
                    <Unicode>Veit Stainberger ladnner iiii s d</Unicode>
                </TextEquiv>
            </TextLine>
            <TextLine id="tl_1758705854" custom="readingOrder {index:14;} unclear {offset:18;length:11;}">
                <Coords points="799,1413 1470,1413 2552,1417 2560,1441 2566,1482 1470,1510 799,1510"/>
                <Baseline points="799,1485 1470,1485"/>
                <TextEquiv>
                    <Unicode>Leonnhart Gressel tuchscherer i γ d</Unicode>
                </TextEquiv>
            </TextLine>
            <TextLine id="tl_1758705881" custom="readingOrder {index:15;}">
                <Coords points="1101,1883 1095,1924 1096,1968 1098,1978 1107,1994 1116,2004 1135,2011 1174,2012 1272,2009 1337,2005 1376,1999 1456,2002 1493,2010 1513,2012 1543,2011 1574,2006 1614,2005 1633,1998 1638,1994 1640,1986 1640,1916 1638,1909 1632,1905 1602,1903 1568,1906 1533,1913 1494,1915 1454,1912 1395,1899 1318,1895 1294,1888 1273,1878 1261,1869 1251,1859 1246,1848 1245,1837 1239,1825 1222,1810 1202,1804 1180,1803 1137,1816 1118,1839 1114,1855"/>
                <Baseline points="1095,1959 1640,1959"/>
                <TextEquiv>
                    <Unicode>Latus xi γ xii s d</Unicode>
                </TextEquiv>
            </TextLine>
            <TextLine id="tl_1758705855" custom="readingOrder {index:16;}">
                <Coords points="700,2555 702,2568 725,2607 729,2624 722,2632 732,2649 754,2662 798,2668 1805,2666 1961,2661 1998,2656 2013,2645 2013,2602 2009,2595 1995,2589 1757,2566 1665,2564 1426,2573 1221,2569 1084,2553 1001,2528 934,2516 751,2518 710,2532"/>
                <Baseline points="700,2630 2013,2630"/>
                <TextEquiv>
                    <Unicode>Suma Innemens von den vorgenannten Burgerrechten</Unicode>
                </TextEquiv>
            </TextLine>
            <TextLine id="tl_1758705868" custom="readingOrder {index:17;}">
                <Coords points="780,2647 1553,2647 1553,2744 780,2744"/>
                <Baseline points="780,2719 1553,2719"/>
                <TextEquiv>
                    <Unicode>ꞩ C lviii γ vi s vi d</Unicode>
                </TextEquiv>
            </TextLine>
            <TextEquiv>
                <Unicode></Unicode>
            </TextEquiv>
        </TextRegion>
        <TextRegion id="region_254974167" custom="readingOrder {index:1;}">
            <Coords points="2749,0 5497,0 5497,4167 2749,4167"/>
            <TextLine id="tl_1758705869" custom="readingOrder {index:0;} unclear {offset:22;length:10;}">
                <Coords points="4644,504 4636,483 4624,476 4581,465 4533,465 4489,456 4470,430 4463,354 4458,338 4447,326 4414,320 4316,322 4305,325 4291,351 4267,367 4249,392 4236,402 4185,411 4100,414 4053,430 4037,439 4029,456 4002,475 3977,503 3922,521 3876,527 3778,529 3697,526 3535,507 3478,512 3424,560 3419,580 3419,637 3424,650 3432,656 3477,666 3874,670 4070,681 4358,679 4576,658 4634,637 4642,623"/>
                <Baseline points="3419,590 4644,590"/>
                <TextEquiv>
                    <Unicode>Innemen vmb verkaufts holtzwerch</Unicode>
                </TextEquiv>
            </TextLine>
            <TextLine id="tl_1758705862" custom="readingOrder {index:1;}">
                <Coords points="3395,717 3398,787 3410,796 3443,800 3853,800 4478,792 4635,781 4651,777 4657,771 4657,735 4652,726 4595,715 3900,709 3743,693 3594,690 3454,678 3405,685 3398,693"/>
                <Baseline points="3395,768 4657,768"/>
                <TextEquiv>
                    <Unicode>So hab Ich Zu mein selbs notdurften von der Stat holtz</Unicode>
                </TextEquiv>
            </TextLine>
            <TextLine id="tl_1758705874" custom="readingOrder {index:2;}">
                <Coords points="4683,796 4665,788 4227,789 3541,799 3471,804 3443,814 3439,828 3440,837 3450,845 3518,853 4443,851 4674,842 4683,837"/>
                <Baseline points="3439,836 4683,836"/>
                <TextEquiv>
                    <Unicode>werch in gegennburttigkait Mr Mertten Zimerman Auch</Unicode>
                </TextEquiv>
            </TextLine>
            <TextLine id="tl_1758705866" custom="readingOrder {index:3;} unclear {offset:49;length:1;}">
                <Coords points="4687,876 4683,865 4672,859 4628,852 4579,850 3821,852 3496,857 3451,865 3442,875 3441,901 3448,915 3466,920 4333,912 4670,898 4683,892"/>
                <Baseline points="3441,901 4687,901"/>
                <TextEquiv>
                    <Unicode>Mr Iorgen vnd des huebler Statknecht genomen xii c</Unicode>
                </TextEquiv>
            </TextLine>
            <TextLine id="tl_1758705861" custom="readingOrder {index:4;} textStyle {offset:15;length:1;superscript:true;} unclear {offset:14;length:2;}">
                <Coords points="4693,907 4685,902 4627,900 4217,913 3483,924 3463,929 3455,936 3453,967 3458,977 3471,980 3665,984 4049,981 4473,967 4686,954 4695,945"/>
                <Baseline points="3453,963 4695,963"/>
                <TextEquiv>
                    <Unicode>Schintlnn das Mo per vii s d viii gemain Ladn ainen per iii d</Unicode>
                </TextEquiv>
            </TextLine>
            <TextLine id="tl_1758705883" custom="readingOrder {index:5;} unclear {offset:4;length:10;}">
                <Coords points="4686,1002 4703,999 4707,981 4705,973 4661,968 4274,973 3491,993 3470,999 3468,1034 3473,1042 3490,1047 3778,1053 4220,1048 4373,1050 4432,1044 4656,1019 4672,1008"/>
                <Baseline points="3468,1031 4758,1031"/>
                <TextEquiv>
                    <Unicode>iii Re thladen i per xv d iii gefierte hotz i per xi d</Unicode>
                </TextEquiv>
            </TextLine>
            <TextLine id="line_1758783037394_256" custom="readingOrder {index:6;}">
                <Coords points="3455,1068 3460,1057 3474,1052 3635,1060 4428,1049 4808,996 5136,1002 5159,1010 5165,1024 5165,1062 5158,1075 5137,1084 5084,1091 4268,1116 3972,1120 3513,1119 3473,1114 3462,1110 3456,1102"/>
                <Baseline points="3455,1100 4373,1100 3475,1083 5165,1083"/>
                <TextEquiv>
                    <Unicode>Vnd iiii Trawnnische Trumer per xii ꞩ i γ v s xii d</Unicode>
                </TextEquiv>
            </TextLine>
            <TextLine id="tl_1758705876" custom="readingOrder {index:7;}">
                <Coords points="4648,1112 4633,1103 4490,1103 4055,1114 3868,1124 3719,1123 3634,1130 3500,1131 3448,1145 3446,1159 3454,1165 3444,1174 3460,1187 3505,1195 3636,1196 3840,1195 4459,1178 4641,1167 4649,1160"/>
                <Baseline points="3444,1172 4649,1172"/>
                <TextEquiv>
                    <Unicode>Ir solhem kauff s der Stat zuegestannden ist so der aber</Unicode>
                </TextEquiv>
            </TextLine>
            <TextLine id="tl_1758705860" custom="readingOrder {index:8;}">
                <Coords points="4661,1183 4656,1175 4641,1171 4284,1179 3514,1189 3473,1193 3442,1203 3432,1216 3431,1246 3435,1253 3447,1259 3522,1270 4369,1270 4486,1262 4646,1235 4661,1224"/>
                <Baseline points="3431,1243 4661,1243"/>
                <TextEquiv>
                    <Unicode>Ich wil der Stat annder souil holtz dafur Anntbintten</Unicode>
                </TextEquiv>
            </TextLine>
            <TextLine id="tl_1758705851" custom="readingOrder {index:9;}">
                <Coords points="4664,2148 4664,2099 4655,2086 4559,2062 4488,2056 4235,2065 4006,2088 3764,2098 3617,2092 3486,2060 3432,2060 3393,2068 3378,2106 3378,2121 3386,2141 3381,2150 3384,2158 3414,2185 3449,2190 3915,2189 4360,2175 4601,2163 4653,2157"/>
                <Baseline points="3378,2155 4664,2155"/>
                <TextEquiv>
                    <Unicode>Item von wegen der Stat Saltzkamer hab Ich von</Unicode>
                </TextEquiv>
            </TextLine>
            <TextLine id="tl_1758705864" custom="readingOrder {index:10;}">
                <Coords points="4646,2183 4642,2176 4628,2172 4479,2172 3879,2185 3512,2186 3464,2191 3460,2197 3459,2212 3460,2232 3466,2241 3511,2247 4088,2231 4457,2227 4554,2223 4642,2211 4646,2205"/>
                <Baseline points="3459,2226 4646,2226"/>
                <TextEquiv>
                    <Unicode>den Saltzerein nichts enphanngen wann Sy zugebnn</Unicode>
                </TextEquiv>
            </TextLine>
            <TextLine id="tl_1758705877" custom="readingOrder {index:11;}">
                <Coords points="4639,2253 4636,2240 4632,2237 4580,2227 4092,2231 3852,2239 3560,2243 3505,2247 3476,2253 3464,2264 3462,2282 3467,2289 3517,2295 4108,2289 4272,2281 4444,2283 4620,2269 4635,2264"/>
                <Baseline points="3462,2278 4639,2278"/>
                <TextEquiv>
                    <Unicode>nichts vermainen Aus vrsachn der man sich ab In</Unicode>
                </TextEquiv>
            </TextLine>
            <TextLine id="tl_1758705871" custom="readingOrder {index:12;}">
                <Coords points="4691,2299 4668,2285 4654,2279 4256,2282 3982,2293 3560,2297 3481,2305 3471,2314 3470,2340 3475,2350 3491,2352 4478,2348 4613,2341 4664,2333 4671,2327"/>
                <Baseline points="3470,2333 4671,2333"/>
                <TextEquiv>
                    <Unicode>erkundn mag Aber was Sy von Saltz dises Iars gehabt</Unicode>
                </TextEquiv>
            </TextLine>
            <TextLine id="tl_1758705859" custom="readingOrder {index:13;}">
                <Coords points="3470,2349 4626,2349 4626,2440 3470,2440"/>
                <Baseline points="3470,2415 4626,2415"/>
                <TextEquiv>
                    <Unicode>ist in aim Register sonnderlich aufgetzaichennt</Unicode>
                </TextEquiv>
            </TextLine>
            <TextEquiv>
                <Unicode></Unicode>
            </TextEquiv>
        </TextRegion>
    </Page>
</PcGts>
