5168 3605
1106 787 2015 876 Suma alles Innemens des beraiten
1133 873 1974 943 gelts mitsambt dem Innemen der
1062 892 2487 1041 Remanenntz ꞩ xiiii M viiii c v γ vi s d
1026 1692 1962 1891 Vnd wann man Innemen vnd aus
1081 1892 1970 1962 geben gen einannder legt vnd auf
1070 1956 2004 2033 hebt So sein dy kamrer der Stat
1084 2030 1989 2110 dennoch an der Rayttung heraus
1080 2041 2506 2236 schuldig worden iii c xxxiiii γ iii s xiii d
3233 359 4227 724 Vermerkcht was
3485 665 4217 757 die Stat entlehents gut noch
3483 735 3813 834 schuldig ist
3203 952 4313 1238 Vonerst de Anno lxiiii
3073 1239 4200 1350 nota der Vacultet artiner der Zwayr hundert
3173 1337 4186 1437 vngrisch guldein vber das so man In be
3175 1384 4837 1509 tzalt hat ii c xi γ iiii s d
3064 1514 4204 1621 nota Peter Zukher von Enns an seinem brief
3156 1593 4855 1700 vber das so Im betzalt ist C Lxviii γ d
3067 1697 4147 1825 nota Hannsen Kyenberger an den funftzig
3180 1760 4847 1895 vngrischen guldein v γ Lx d
3080 1902 4211 2017 nota Pauln dekher dem Sneider der xxx γ d
3173 2015 4843 2137 darumb er ain brief hat xii γ vi s d
3057 2124 4240 2245 nota Cristoffen Ötzestorffer funftzig vnngrisch
3155 2229 4866 2367 guldein per viiii s xv d ꞩ Lviiii γ iii s d
3072 2359 4144 2503 nota Hannsen GruntReich vnd Larenntzen
3161 2489 4168 2591 von Russt n s darlehens iiii c vnngrisch
3138 2564 4858 2722 guld per viiii s xv d ꞩ iii c Lvi γ Lx d
