5139 3609
827 380 1960 601 nota Hannsen Frannkh vt litera funftzigk
938 564 2509 687 vngrisch guldein per viiii s xv d ꞩ lxiiii γ iii s d
849 690 2524 811 nota Anndren Hegays an sein Sold iii γ vi s ii d i ob
863 820 2510 951 nota Maister Linharten Koch seins Solds ii γ lxiiii d
869 967 2510 1092 nota Vlreichin plosslondlin furerin viii γ xl d
866 1088 2521 1230 nota Conraten Haselpekhen ii γ d
2916 277 4393 581 De Anno Seyagesimo quinto
2998 635 4169 744 nota Maister Merten Guldein der Zwayr
3157 742 4122 818 hundert Virundnewntzig phunt
3152 801 4206 895 drey schilling dreyundtzwaintzig phenig
3144 882 4174 982 So er an Gwannt vnd wein dargelihen
3148 928 4865 1068 hat ii c xlviiii γ vii s xxiii d
3023 1088 4103 1219 nota Micheln Kirstain an den xl vngrisch
3161 1162 4814 1291 guldein iii γ iii s x d
3054 1293 4165 1405 nota Vlreichnn Vogl dem Appoteker an den
3159 1365 4846 1493 l vngrisch guldein iiii γ iii s d
3037 1490 4151 1602 nota Francisten Waptista vmb ain Rats tuch
3126 1602 4213 1689 von pern Zum Scharlach xxxi vnngrisch
3113 1676 4815 1810 guld per viiii s xx d ꞩ xxxvii γ iii s xx d
3049 1804 4209 1927 nota Hern Iorgn von Sewsenegk ain dreyling
3138 1918 4177 1999 wein von Andre Teispekh den er Im
3134 1989 4147 2074 geben solt haben vnd Im fur viiii γ
3148 2069 4139 2157 lx d geschetzt vnd angeslagn ist die
3147 2148 4135 2225 er der Stat geantwurt daran man
3149 2217 4141 2309 seinem diener dem puchler hat ausge
3147 2276 4774 2410 richt vii γ Lx d Rest ii γ Lx d
3017 2421 4179 2542 nota Vlreichen Turhutterin der Newnstat
3164 2505 4780 2630 an Zerung i γ v s x d
