<?xml version="1.0" encoding="UTF-8" standalone="yes"?>
<PcGts xmlns="http://schema.primaresearch.org/PAGE/gts/pagecontent/2013-07-15">
    <Metadata>
        <Creator>prov=READ-COOP:name=PyLaia@TranskribusPlatform:version=2.33.0:model_id=417157:lm=provided:date=24_10_2025_13:11</Creator>
        <Created>2025-09-15T10:04:54.455+02:00</Created>
        <LastChange>2025-10-24T14:24:04.311+02:00</LastChange>
        <TranskribusMetadata docId="10651984" pageId="102981713" pageNr="162" status="IN_PROGRESS" userId="261754" imgUrl="https://files.transkribus.eu/Get?id=XAKDFSZQTSQPBHUFQYBMKMIM&amp;fileType=view" imageId="86352628"/>
    </Metadata>
    <Page imageFilename="102981713.tif" imageWidth="5213" imageHeight="3609">
        <TextRegion id="region_152133609" custom="readingOrder {index:0;}">
            <Coords points="0,0 2606,0 2606,3609 0,3609"/>
            <TextLine id="tl_1760427752" custom="readingOrder {index:0;}">
                <Coords points="1949,478 1944,467 1923,457 1906,440 1887,432 1869,410 1850,402 1840,380 1816,370 1790,366 1711,369 1690,383 1670,389 1660,401 1635,410 1625,423 1614,429 1511,466 1462,474 1355,474 1182,452 1088,429 1043,424 1007,436 971,469 962,485 956,516 957,624 966,637 999,641 1294,641 1410,631 1557,631 1823,621 1911,611 1937,605 1948,598"/>
                <Baseline points="956,570 1949,570"/>
                <TextEquiv>
                    <Unicode>So ist gemaine Stat</Unicode>
                </TextEquiv>
            </TextLine>
            <TextLine id="tl_1760427759" custom="readingOrder {index:1;}">
                <Coords points="1992,648 1990,638 1982,632 1943,625 1833,621 1749,622 1677,617 1637,617 1578,623 1383,624 1280,629 1042,629 990,633 968,640 963,649 966,673 963,684 971,695 1002,702 1085,704 1300,703 1446,695 1582,696 1754,688 1963,687 1982,685 1991,680"/>
                <Baseline points="963,680 1992,680"/>
                <TextEquiv>
                    <Unicode>entlehents Gut schuldig So die hernach</Unicode>
                </TextEquiv>
            </TextLine>
            <TextLine id="tl_1760427750" custom="readingOrder {index:2;}">
                <Coords points="2032,725 2030,710 2013,703 1977,698 1862,693 1451,694 1219,702 1008,701 980,704 966,711 963,721 963,756 975,762 1015,767 1182,771 1525,768 1627,776 1975,773 2023,763 2031,754"/>
                <Baseline points="963,753 2032,753"/>
                <TextEquiv>
                    <Unicode>benannten person Zu betzalung des Grauen</Unicode>
                </TextEquiv>
            </TextLine>
            <TextLine id="tl_1760427766" custom="readingOrder {index:3;}">
                <Coords points="978,759 1609,759 1609,865 978,865"/>
                <Baseline points="978,837 1609,837"/>
                <TextEquiv>
                    <Unicode>egker dargelihen habent</Unicode>
                </TextEquiv>
            </TextLine>
            <TextLine id="tl_1760427749" custom="readingOrder {index:4;}">
                <Coords points="1968,917 1964,903 1955,900 1914,900 1807,908 1702,923 1634,929 1406,929 1274,945 1166,938 981,935 967,938 959,945 959,1004 962,1016 966,1019 1002,1027 1327,1027 1440,1017 1570,1017 1920,1008 1954,1004 1966,999"/>
                <Baseline points="959,993 1968,993"/>
                <TextEquiv>
                    <Unicode>Von ersten vnnsern allergenedigisten herrn</Unicode>
                </TextEquiv>
            </TextLine>
            <TextLine id="tl_1760427754" custom="readingOrder {index:5;}">
                <Coords points="1970,1030 1961,1024 1923,1018 1799,1014 1460,1017 1304,1028 998,1032 984,1034 976,1039 975,1087 976,1091 982,1094 1423,1093 1517,1088 1636,1092 1738,1085 1948,1081 1970,1074"/>
                <Baseline points="975,1074 1970,1074"/>
                <TextEquiv>
                    <Unicode>dem Romischen Kaiser etc So Steffan</Unicode>
                </TextEquiv>
            </TextLine>
            <TextLine id="tl_1760427760" custom="readingOrder {index:6;} unclear {offset:31;length:5;}">
                <Coords points="1988,1104 1985,1092 1973,1085 1728,1085 1642,1090 1484,1089 1208,1098 1014,1099 984,1102 973,1107 969,1119 969,1157 971,1163 984,1167 1260,1166 1517,1157 1793,1156 1944,1159 1974,1155 1986,1148"/>
                <Baseline points="969,1145 1988,1145"/>
                <TextEquiv>
                    <Unicode>hewner vnd Niclas Trew baid verweser</Unicode>
                </TextEquiv>
            </TextLine>
            <TextLine id="tl_1760427744" custom="readingOrder {index:7;}">
                <Coords points="2559,1139 2527,1132 2506,1126 2142,1124 1897,1151 1049,1172 969,1183 964,1192 964,1235 969,1245 988,1254 1075,1261 1185,1261 1324,1253 1913,1262 2438,1255 2500,1245 2523,1228 2559,1202"/>
                <Baseline points="964,1226 2533,1226"/>
                <TextEquiv>
                    <Unicode>des vngelts der Stat hie gelihen habent vi c Lxii γ lxiiii d</Unicode>
                </TextEquiv>
            </TextLine>
            <TextLine id="tl_1760427751" custom="readingOrder {index:8;}">
                <Coords points="1943,1305 1939,1299 1890,1293 1765,1290 1503,1271 1383,1272 1296,1283 1093,1275 901,1276 878,1280 853,1295 852,1311 857,1336 850,1353 854,1361 865,1366 901,1373 1392,1372 1485,1368 1678,1371 1898,1369 1932,1366 1943,1360"/>
                <Baseline points="850,1346 1943,1346"/>
                <TextEquiv>
                    <Unicode>nota aber demselben vnnsern allergenedigisten</Unicode>
                </TextEquiv>
            </TextLine>
            <TextLine id="tl_1760427745" custom="readingOrder {index:9;}">
                <Coords points="957,1366 1945,1366 1945,1445 957,1445"/>
                <Baseline points="957,1423 1945,1423"/>
                <TextEquiv>
                    <Unicode>herren n dem Romischen Kaiser etc die</Unicode>
                </TextEquiv>
            </TextLine>
            <TextLine id="tl_1760427747" custom="readingOrder {index:10;}">
                <Coords points="958,1438 1954,1438 1954,1513 958,1513"/>
                <Baseline points="958,1492 1954,1492"/>
                <TextEquiv>
                    <Unicode>Hanns Lempekh dietzeit wassermautter</Unicode>
                </TextEquiv>
            </TextLine>
            <TextLine id="tl_1760427741" custom="readingOrder {index:11;}">
                <Coords points="932,1507 1986,1507 1986,1586 932,1586"/>
                <Baseline points="932,1564 1986,1564"/>
                <TextEquiv>
                    <Unicode>vnd verweser des Kasten ambts pey dem</Unicode>
                </TextEquiv>
            </TextLine>
            <TextLine id="tl_1760427740" custom="readingOrder {index:12;} unclear {offset:5;length:4;}">
                <Coords points="2551,1579 2530,1569 2192,1569 1773,1581 989,1585 920,1594 913,1613 912,1647 913,1655 926,1666 993,1676 1538,1679 1875,1690 2103,1707 2341,1707 2470,1688 2544,1660 2551,1648"/>
                <Baseline points="912,1671 2551,1671"/>
                <TextEquiv>
                    <Unicode>Rotentunn hie Zu Wienn dargelihen hat xxviiii γ iii s xv d</Unicode>
                </TextEquiv>
            </TextLine>
            <TextLine id="tl_1760427756" custom="readingOrder {index:13;}">
                <Coords points="1974,1732 1967,1718 1914,1708 1754,1709 1503,1698 1422,1699 1291,1709 1024,1710 903,1707 876,1710 866,1718 869,1780 879,1790 898,1792 1972,1791 1974,1785"/>
                <Baseline points="866,1767 1974,1767"/>
                <TextEquiv>
                    <Unicode>nota den Geistlichen herrn von Mawrbach</Unicode>
                </TextEquiv>
            </TextLine>
            <TextLine id="tl_1760427762" custom="readingOrder {index:14;}">
                <Coords points="954,1789 1938,1789 1938,1883 954,1883"/>
                <Baseline points="954,1858 1938,1858"/>
                <TextEquiv>
                    <Unicode>drew fueder wein in Zwain vassenn</Unicode>
                </TextEquiv>
            </TextLine>
            <TextLine id="tl_1760427735" custom="readingOrder {index:15;}">
                <Coords points="2563,1837 2559,1824 2539,1819 2140,1823 2048,1830 1843,1861 1027,1881 960,1898 950,1908 954,1914 951,1926 961,1937 989,1946 2402,1942 2507,1933 2553,1921 2562,1908"/>
                <Baseline points="950,1912 2563,1912"/>
                <TextEquiv>
                    <Unicode>yedes per Lx γ ꞩ C Lxxx γ d</Unicode>
                </TextEquiv>
            </TextLine>
            <TextLine id="tl_1760427763" custom="readingOrder {index:16;}">
                <Coords points="866,2088 850,2010 956,1956 1923,1960 1923,2070 956,2066"/>
                <Baseline points="886,2041 1923,2041"/>
                <TextEquiv>
                    <Unicode>nota den vonn Schotten hie Zway fueder</Unicode>
                </TextEquiv>
            </TextLine>
            <TextLine id="tl_1760427764" custom="readingOrder {index:17;}">
                <Coords points="942,2071 1917,2071 1917,2168 942,2168"/>
                <Baseline points="942,2143 1917,2143"/>
                <TextEquiv>
                    <Unicode>Weins in Zwain vassen yedes per</Unicode>
                </TextEquiv>
            </TextLine>
            <TextLine id="tl_1760427758" custom="readingOrder {index:18;}">
                <Coords points="2572,2141 2567,2119 2239,2141 2202,2137 1932,2138 1628,2151 1369,2145 1327,2153 1230,2146 1082,2144 988,2149 971,2154 966,2167 966,2198 969,2209 978,2213 1023,2216 1179,2215 1411,2222 2203,2223 2565,2207 2573,2197"/>
                <Baseline points="966,2200 2259,2200"/>
                <TextEquiv>
                    <Unicode>l γ ꞩ C γ d</Unicode>
                </TextEquiv>
            </TextLine>
            <TextLine id="line_1761207918139_2849" custom="readingOrder {index:19;}">
                <Coords points="871,2243 1199,2240 1435,2265 1819,2266 1939,2271 1953,2275 1958,2283 1958,2361 871,2361"/>
                <Baseline points="871,2330 1958,2330"/>
                <TextEquiv>
                    <Unicode>nota den von sand dorothe drew Fueder vnd</Unicode>
                </TextEquiv>
            </TextLine>
            <TextLine id="tl_1760427755" custom="readingOrder {index:20;}">
                <Coords points="965,2364 1975,2364 1975,2444 965,2444"/>
                <Baseline points="965,2424 1975,2424"/>
                <TextEquiv>
                    <Unicode>vier Emer weins in Zwain vassen das</Unicode>
                </TextEquiv>
            </TextLine>
            <TextLine id="tl_1760427753" custom="readingOrder {index:21;}">
                <Coords points="2558,2428 2551,2415 2514,2411 1874,2432 1172,2434 1041,2430 965,2437 958,2444 957,2485 963,2497 980,2501 1100,2505 2358,2501 2547,2483 2557,2474"/>
                <Baseline points="957,2480 2558,2480"/>
                <TextEquiv>
                    <Unicode>Fueder per i γ ꞩ C γ d</Unicode>
                </TextEquiv>
            </TextLine>
            <TextLine id="tl_1760427765" custom="readingOrder {index:22;}">
                <Coords points="844,2603 853,2538 966,2505 1957,2507 1957,2611 966,2609"/>
                <Baseline points="918,2585 1957,2585"/>
                <TextEquiv>
                    <Unicode>nota den Geistlichen herren vom heiligen</Unicode>
                </TextEquiv>
            </TextLine>
            <TextLine id="tl_1760427761" custom="readingOrder {index:23;}">
                <Coords points="970,2608 1967,2608 1967,2699 970,2699"/>
                <Baseline points="970,2674 1967,2674"/>
                <TextEquiv>
                    <Unicode>krewtz in drein vassen Lxxii Emer</Unicode>
                </TextEquiv>
            </TextLine>
            <TextLine id="tl_1760427748" custom="readingOrder {index:24;}">
                <Coords points="2561,2690 2556,2661 2534,2650 2432,2644 2242,2643 1925,2680 1578,2680 1034,2690 960,2702 953,2726 959,2755 1065,2765 2486,2760 2532,2757 2554,2746 2561,2724"/>
                <Baseline points="953,2733 2561,2733"/>
                <TextEquiv>
                    <Unicode>weins vmb Lx γ d</Unicode>
                </TextEquiv>
            </TextLine>
            <TextEquiv>
                <Unicode></Unicode>
            </TextEquiv>
        </TextRegion>
        <TextRegion id="region_252133609" custom="readingOrder {index:1;}">
            <Coords points="2607,0 5213,0 5213,3609 2607,3609"/>
            <TextLine id="line_1761207928153_2864" custom="readingOrder {index:0;}">
                <Coords points="3127,358 3134,356 3174,352 3243,355 3301,367 3436,383 3505,399 3540,401 3680,391 3708,379 3730,374 3750,362 3803,359 3966,385 4183,380 4228,391 4233,399 4234,425 4231,465 4227,472 4216,478 4176,485 4090,487 3952,483 3808,494 3647,492 3464,503 3157,504 3127,501"/>
                <Baseline points="3127,466 4234,466"/>
                <TextEquiv>
                    <Unicode>nota Sigmunden Moroltinger fur ain fueder</Unicode>
                </TextEquiv>
            </TextLine>
            <TextLine id="line_1761207933057_2872" custom="readingOrder {index:1;}">
                <Coords points="3260,525 3264,510 3288,503 3622,486 3844,481 3993,473 4166,472 4329,461 4503,465 4874,453 4874,495 4870,520 4448,529 4245,532 3986,551 3281,552 3271,551 3262,543"/>
                <Baseline points="3260,527 4510,527"/>
                <TextEquiv>
                    <Unicode>wein Lx γ s d</Unicode>
                </TextEquiv>
            </TextLine>
            <TextLine id="tl_1760427757" custom="readingOrder {index:2;}">
                <Coords points="3137,702 3117,628 3216,590 4184,592 4184,694 3216,692"/>
                <Baseline points="3153,667 4184,667"/>
                <TextEquiv>
                    <Unicode>nota Andren Schonnprugker in Zwain</Unicode>
                </TextEquiv>
            </TextLine>
            <TextLine id="tl_1760427737" custom="readingOrder {index:3;}">
                <Coords points="4909,704 4905,694 4893,689 4823,681 4513,675 3384,693 3285,699 3241,709 3232,719 3233,767 3243,775 3306,784 4887,779 4906,769"/>
                <Baseline points="3232,756 4909,756"/>
                <TextEquiv>
                    <Unicode>vassen lviii Emer weins Lxx γ d</Unicode>
                </TextEquiv>
            </TextLine>
            <TextLine id="tl_1760427767" custom="readingOrder {index:4;}">
                <Coords points="3115,917 3110,845 3221,814 4233,814 4233,931 3221,931"/>
                <Baseline points="3190,901 4233,901"/>
                <TextEquiv>
                    <Unicode>nota Steffan Kysling in ainem vas xxxiii</Unicode>
                </TextEquiv>
            </TextLine>
            <TextLine id="tl_1760427739" custom="readingOrder {index:5;}">
                <Coords points="4896,897 4888,886 4872,882 4562,880 4122,908 3280,920 3238,930 3235,970 3240,986 3364,996 3908,996 4804,985 4867,981 4890,973 4896,962"/>
                <Baseline points="3235,967 4896,967"/>
                <TextEquiv>
                    <Unicode>Emer weins xxxiiii γ d</Unicode>
                </TextEquiv>
            </TextLine>
            <TextLine id="line_1761207947056_2885" custom="readingOrder {index:6;}">
                <Coords points="3134,1029 3156,1027 3250,1029 3557,1025 3720,1029 4038,1051 4128,1051 4167,1055 4180,1061 4183,1073 4183,1130 4179,1140 4171,1141 3155,1140 3134,1137"/>
                <Baseline points="3134,1112 4183,1112"/>
                <TextEquiv>
                    <Unicode>nota Hannsen Lempekhen ain vas wein</Unicode>
                </TextEquiv>
            </TextLine>
            <TextLine id="tl_1760427736" custom="readingOrder {index:7;}">
                <Coords points="4897,1121 4887,1111 4870,1108 4578,1110 4125,1130 3317,1144 3237,1154 3233,1215 3237,1222 3964,1223 4810,1200 4871,1194 4891,1186 4897,1174"/>
                <Baseline points="3233,1192 4897,1192"/>
                <TextEquiv>
                    <Unicode>per xxiiii Emer vmb xxxiiii γ d</Unicode>
                </TextEquiv>
            </TextLine>
            <TextLine id="tl_1760427746" custom="readingOrder {index:8;}">
                <Coords points="3123,1355 3110,1287 3235,1252 4206,1254 4206,1361 3235,1359"/>
                <Baseline points="3179,1332 4206,1332"/>
                <TextEquiv>
                    <Unicode>nota Cristoffen Otzestorffer ain was Wein</Unicode>
                </TextEquiv>
            </TextLine>
            <TextLine id="tl_1760427734" custom="readingOrder {index:9;} unclear {offset:10;length:3;}">
                <Coords points="4910,1357 4907,1348 4896,1341 4835,1329 4661,1323 4452,1325 4110,1342 3309,1359 3229,1369 3221,1379 3218,1417 3226,1436 3260,1441 4870,1438 4896,1434 4907,1427"/>
                <Baseline points="3218,1410 4910,1410"/>
                <TextEquiv>
                    <Unicode>per xxviii vr vmb lvi γ d</Unicode>
                </TextEquiv>
            </TextLine>
            <TextLine id="tl_1760427769" custom="readingOrder {index:10;}">
                <Coords points="3100,1562 3105,1471 3225,1457 4215,1458 4215,1563 3225,1562"/>
                <Baseline points="3196,1536 4215,1536"/>
                <TextEquiv>
                    <Unicode>nota Petern Gwerlich ain vas wein dar</Unicode>
                </TextEquiv>
            </TextLine>
            <TextLine id="tl_1760427738" custom="readingOrder {index:11;}">
                <Coords points="4915,1540 4903,1527 4846,1514 4697,1508 4462,1513 4169,1544 3701,1553 3258,1547 3235,1555 3229,1565 3229,1637 3247,1643 3902,1642 4349,1620 4825,1613 4888,1608 4910,1601 4915,1592"/>
                <Baseline points="3229,1607 4915,1607"/>
                <TextEquiv>
                    <Unicode>Inn xxxvii Emer vmb L γ d</Unicode>
                </TextEquiv>
            </TextLine>
            <TextEquiv>
                <Unicode></Unicode>
            </TextEquiv>
        </TextRegion>
    </Page>
</PcGts>
