5205 3588
848 346 2051 509 nota auf der welnnastin von aim Schragen
972 474 2545 597 an der pranntstat de Anno lxx Lx d
855 630 1991 745 nota auf Niclasn lebhofer von wegn der Stat
965 739 1959 823 Mellgrüb die er des Lxx ten Iars in be
968 779 2575 908 standesweise Inngehabt hat xxviiii γ xxxvii i ob
824 917 1946 1025 nota auf demselben lebhofer die er des gegen
948 1018 1928 1102 wurtigen lxxi Iars von der egenannten
966 1096 2535 1193 Mellgrüb wegen ist schuldig worden x γ d
861 1215 1971 1316 nota auf Merten Schrot von wegen der Zwayr
950 1306 1974 1391 Brunn am hochenmarkht vnd am hof
945 1339 2531 1449 de Anno etc lxx C Lx γ d
849 1508 1982 1621 nota auf Thoman Trogler von wegen der
940 1614 2026 1688 egenanten Zwayr prunn am hohenmarkt
943 1683 2018 1760 vnd am hof die er von sand Mathias tag
930 1754 1994 1844 des gegenwurtigen Lxxi ten Iars verwest
926 1834 2002 1926 hat vnd Zu sand Mathias tag des Lxxii ten
924 1901 2493 1989 Iars ennden wirdet L γ d
1045 2659 2144 2843 Latus ii c xlviiii γ iii s vii d i ob
3328 1253 4199 1358 Suma alles vbergeben der vor
3307 1261 5011 1455 geschriben Remanenntz ꞩ viiii c Lxii γ iiii s viiii d i ob
3358 2187 4331 2324 Suma alles ausgebens des beraiten
3355 2320 4311 2399 gelts mit sambt dem vbergeben aller
3307 2329 5030 2502 vorgeschriben Remanenntz ꞩ xiiii M v c Lxxvi γ Lxxvii d
