5210 3612
1026 309 2099 652 De Anno domini etc Lxviiii
851 699 1972 825 nota der Heiligen dreyr kunigen Pruderschaft
926 799 2021 898 Zu den predigern Maister Merten Guldein
943 876 1994 979 vnd Steffan Hertl die Sy Zu betzalung
958 956 1944 1051 des von Burgk dargelihen habent
962 961 2587 1139 C xiiii vnngrisch guld per viiii s x d ꞩ C xxxiii γ d
862 1162 1972 1272 nota dem obgenannten Hertl die er Zubetzalung
969 1255 1934 1332 des von Burgk dargelihen hat vnd
980 1320 1960 1403 darumb er Zu venedii im prestiti aufge
967 1367 2586 1492 schafft ist C der egenanten guld ꞩ C xvi γ v s x d
876 1521 2029 1648 nota die man Ernreichen Koppl an der vbergab
974 1645 1999 1723 die er den gegenwurttigen kamrern getan
976 1715 2030 1813 hat schuldig ist worden an den C xxxvii
983 1708 2603 1871 γ d xxviii γ Lxxxii d i ob
3022 238 4272 611 Anno etc Septuagesimo
3114 643 4297 743 nota Vlreichen kerner des Rats vnd Kirchmaister
3196 736 4215 826 Zu sand Steffan die derselben Kirchen
3200 815 4243 919 Zu gehorn C vngrisch gld per viiii s xx d
3199 868 4906 977 ꞩ C xvi γ v s x d
3088 1018 4166 1140 nota Wolfganngen Ruelannd Spitalmaister
3204 1137 4178 1207 vor kernertor darumb Burgermaister
3209 1202 4161 1266 vnd Rat ain Zehent der des egenannten
3210 1264 4186 1336 Spitals gewesen ist gelegen im Ambt
3221 1331 4214 1409 ob Ottakrynn hern Steffan von hochen
3227 1402 4213 1491 berg an seinen versessen leibgeding gulten
3204 1439 4888 1556 geben haben viiii c L γ d
3137 1580 4240 1705 nota Hern Hannsen vom Rosenharts Zu handen
3209 1689 4360 1795 Albanns dossen vt litera xv c vngrisch gld
3128 1809 4215 1940 nota Hern Kadolten von Wehing dem elltern
3205 1931 4222 2011 die er von des Rosenharts wegen so man
3213 1997 4246 2096 Im Zu hannden desselben dossen ist schul
3214 2078 4210 2166 dig gewesen auf sich genomen darumb
3218 2153 4237 2242 sich gemaine Stat gegen demsolben von
3183 2232 4670 2359 wehung verschriben hat vt litera i M vngrisch guld
3122 2356 4216 2476 nota Vlreichn vogl Appoteker seins darlehens
3211 2464 4236 2558 das er der Stat getan vnd gen hof abge
3214 2520 4885 2656 tzogen ist vt gescheftbrief xv γ Lxxx d
