5156 3602
843 354 1924 522 nota Meinharten vischer in der Newnstat
957 463 2515 591 gelihen Gelts v s xx d
813 596 2509 734 nota Hannsen Martharten lawben herren Lxxxxvii γ Lxxxvi d
835 743 2527 875 nota Wolfganngen Eysner vi γ vii s xx d
854 882 1950 986 nota Wolfgangen petzolten nagsten erben die
949 974 1952 1068 auf Vicentzen hagkenberger des Appo
953 1011 2517 1135 teker Haws gelegn sein C γ d
839 1139 1964 1247 nota die veit Schrikher vnd sein hausfraw
924 1244 1953 1324 Zu dem Grunntpuch erlegt haben von
945 1317 1948 1399 nes halben hawß wegn am Graben
941 1393 1965 1493 gelegen das des Iungen Awer gewesen
953 1416 2512 1542 ist ii c xliii γ Lx d
859 1546 1978 1672 nota Dem Grabmer von Gmunden an iiii γ
959 1605 2526 1736 Kueffel Saltz li γ d
849 1756 1973 1867 nota Iorgen Nadler ain ausstannder semb Solds als
939 1863 1991 1947 er das Suret in der Schul Zu sand Steffan
941 1877 2515 2001 geraumbt hat iiii γ Lx d
868 2013 1945 2126 nota Iacoben Gsmechl an den Stain die Zu sand
943 2120 1951 2195 Michel habent gehort vnd in die purkh
944 2187 1958 2278 genomen vnd daselbs ver arbaitt sein vt
960 2210 2534 2324 litera xxxii γ d
852 2322 2552 2468 nota Iorgen Öder puchsenmaister an sein Sold xxv γ vi s d
3045 316 4314 590 Anno etc Sevagesimo serto
3012 601 4179 730 nota Iobsten von fuld dem Appoteker von wegen
3154 722 4230 822 des Ingsteter Geschefft vnd Iartag Zu den
3156 757 4808 881 predigernn Lxxx γ d
3027 908 4169 1035 nota Sigmunden Amman vmb ain Rats tuch
3163 1013 4818 1116 von pern xxxv γ d
3040 1109 4154 1201 nota Petern Gwerlich an ain vas wein xx γ
3157 1190 4161 1269 von des von Eberstorff wegen xvi γ
3160 1261 4184 1334 vnd vmb ain Ros das man dem pawmbercher
3137 1317 4817 1439 geschankht hat xviiii vngrisch guld per x s ꞩ Lviiii γ vi s d
3070 1439 4844 1555 nota Oswalten Aigner Lembater xviii γ d
3057 1565 4832 1701 nota Tibolten Greyssler xiii γ iiii s d
3055 1673 4819 1808 nota Pauln Strasser furer i γ d
3044 1788 4153 1900 nota Steffan Iung aus dem Newen Sol vt
3177 1869 4823 1989 litera i M ii c xviii γ d
3051 1991 4136 2105 nota Maister Iacoben von Walderstorff
3168 2093 4214 2174 Corherrn Zu sannd Steffan vnd Vlreichen
3167 2165 4194 2255 Metzleinstorffer des Sorger Gescheft
3164 2212 4842 2314 lewt xlv γ d
3058 2317 4206 2435 nota Hern Conraten Holtzler an seiner Schuld
3187 2419 3932 2523 der iii c vngrisch guldein
3051 2560 4840 2753 nota Hannsen Zoth von welß an holtz xxviiii γ iiii s d
