5243 3621
3169 320 4217 855 Vermerkcht Was
3405 838 4069 935 die Stat noch vor Ir hat
3260 971 4194 1103 Vonerst all vorgeschriben Remanenntz
3154 1121 4171 1236 nota ain Silbreine Schal hat der Hawg
3161 1243 4047 1369 nota ain Silbrein vergulten pecher
3152 1438 3981 1582 nota funf Silbrein groß pecher
3175 1571 4193 1665 nota ain Silbrein grossen pecher der stet
3282 1655 4120 1753 dem Seyfrid Eysner am Graben
3163 1759 4204 1867 nota xxiiii Silbrein loffl in ainem Votram
3173 1869 4222 1968 nota ain Silbreins vergolts Kophl das Peter
3270 1958 4103 2056 Obrecht der Stat geschafft hat
3172 2028 4296 2138 nota Zwen Silbrein Schilt mit der Stat wappen
3275 2116 4037 2200 die haben die Trumetter Inne
3176 2196 4198 2294 nota iiii groß Zinschusseln in aim Votram
3195 2280 4113 2402 nota Zway klaine Schiltl in dy Rays
3187 2374 3798 2480 nota Sechs Salsen schussl
3148 2472 3773 2559 nota xx Zineine Celir
3161 2563 4021 2696 nota ain Grosse vber Zinte flaschen
