5239 3670
906 309 1952 673 Sevagesimo Septimo
829 679 2551 820 nota Hannsen pudmer Rottmaister ii γ vi s d
951 1298 2013 1614 Zu dem Gruntpuch
837 1610 1958 1731 nota Steffan Stressl Kursner Hannsen Enntl
940 1708 1981 1807 Appoteker vnd Steffan Swingenhamer
957 1799 1945 1883 Slosser weilennd Mertn puchler Ge
975 1867 1971 1958 schefftlewten an den xxxii γ d die pey
972 1940 2552 2065 dem Gruntpuch erlegt gewesn sind xvi γ d
3097 251 4202 631 Anno domini etc Lxviii
3123 617 4254 722 nota der heiligen dreyr kunign pruderschaft
3219 715 4211 813 Zu den predigern iiij̸ c vnngrisch gulden
3219 755 4963 889 per x s ꞩ iiii c xxxvii γ iiii s d
3128 925 4240 1044 nota Wolfgangn Vlreichs Wannkher Zu
3223 1011 4957 1145 prugk auf der leytta Sun xiiii γ iiii s xv d
