5240 3629
793 388 2015 607 Mer dem Cantor Zu sand Steffan von
876 576 2566 713 dem gesanngkh auf dem Ho ligtumbsteel 1 γ d
833 729 1933 847 Von Sebastian Schrantzen genomen
874 838 1930 959 1 stuckh Lindisch gehabt 30 elln per
849 919 1943 1017 xxvi γ vnd vom Fronleytten vi
857 1009 1939 1116 elln Rat Lindisch per vi γ den ge
868 1101 1932 1220 selln in die Cantorey Zu Klaidern
862 1176 2544 1305 Zu Ostern ꞩ xxxii γ d
797 1345 1974 1459 vmb am Stukh Ambstertam xiiii  γ
841 1446 1978 1548 vmb stuk Rat Lanng Nurnberger
853 1535 1974 1655 per xiij̸ γ den puxenschutzn darumb
833 1593 2576 1761 Zeschuessn ꞩ xxvi γ iiii s d
770 1776 1990 1908 Vmb am Stukh Rat Lanng Nurnberger
830 1898 2007 2004 vom Fronleyten genomen den Armbrust
837 1948 2544 2106 schützn darumb Zesch ssen per xii γ iiii s d
778 2152 1953 2294 Dem Asten Schre l er im Lanndhaws
866 2267 1939 2372 aus beuelh meiner hern von dem Lannd
872 2407 2526 2569 nach Ostern get i γ d
660 2620 1756 2858 Latus Lxxiii γ d
3243 452 4355 600 An Freitag vor sand Bertlmes tag
3273 581 4412 677 aus beuelh der Herrn vnsers gnedigsten
3255 666 4913 788 Herrn Lanndsfursten Forrner geben iiii γ d
3199 803 4301 930 Dem Stalmaister fur das gulden
3211 908 4378 1036 Tuech darunder In fl. d. vngerisch
3269 923 4880 1135 ist geben xxiiii γ d
3202 1147 4898 1300 Denn anndern tail der Laken iiii γ d
3235 1358 4919 1494 Den Camer dienern geben viii γ d
3235 1535 4919 1667 Den Turhuettern geben vi γ d
3229 1706 4920 1839 Der Cappostrey geben vi γ d
3253 1834 4922 2000 Den Persefannten geben x γ d
3262 2017 4915 2169 Zwayen Bosstboten geben ii γ d
3277 2186 4947 2320 Vier Satl Knechten geben iiii γ d
3245 2319 4950 2470 Der Furssten Laken ii γ d
3239 2456 4958 2593 Dem partner i γ d
3300 2585 4937 2718 mer den poten geben ii γ d
3241 2763 4135 2960 Latus Lxxiii γ d
