5162 3561
771 473 1959 649 Dem Scherer von ettlichn vor genanten
818 629 2555 728 Tuechern Zeschern iiii s xxiiii d
728 757 1915 913 Maister dyonysy Schneider von des
798 889 1973 1000 Rotmaister vnd vii Statknechtn Rökhn
827 938 2510 1099 Zemachen gebn ii γ iiii s d
767 1183 1939 1367 Petern puecher wiert auf dem Maut
825 1349 1986 1460 Haws gebn fur sein hofland aus beuellh
850 1408 2544 1542 der hern i γ ii s d
871 1728 1887 1945 Latus iiii γ ii s xxiiii d
890 2264 1702 2418 Suma ausgab von gnaden
915 2389 1920 2552 ꞩ iiii C xli γ vi s vi d
3134 280 4264 532 Auf die Raittherrn der
3212 512 4211 638 Gerhabschafft vnd geschefft
3177 615 3534 718 Iren Sold
3115 780 4219 982 Hern Wolfganngn Stainperger
3183 931 4208 1043 sein Raitt sold ausstannd des ver
3196 946 4834 1137 schinen x v iiii Iars beZalt vt quitt x γ d
3143 1255 4259 1422 Steffan Manser seinen Raittsold
3233 1388 4303 1513 ausstannd des verschinen xxi Iars
3219 1449 4848 1612 beZalt vt quittung x γ d
3160 1851 4145 2129 Suma Latus     xx γ d
