5232 3615
809 454 1913 608 Aus beuelh der Herrn den Stewr
873 589 1925 690 knechten kaufft Zu klaider von Se
885 662 2588 812 bastian Schranntzen ain Lindisch tuech per xxiiii γ d
783 854 1975 1031 Kaufft von Her Benedictn Fronleyttner
807 1021 1967 1132 v Stukh Rat Lanng Nurnberger
852 1115 1924 1218 aus per xii γ dauon geben Newn
840 1202 1950 1309 Stat knechten ye aimvi elln dem
823 1302 2036 1423 Rotmaister vii elln vnd Zwayen Turnern
831 1410 1966 1512 xiii elln vnd sind von in empfanng
836 1506 1952 1601 vii elln die vbermaß vi ellen sind
858 1588 1912 1708 noch verhanndn den knabn in die
857 1660 2569 1810 Canntrey ii stukh ꞩ lx γ d
742 1824 1938 1956 Mer in die Cantrey Zwayen knaben
804 1949 1953 2065 viii elln Rotn Lanngen Nurnberger
884 2004 2531 2168 i per iii s ꞩ iiii γ d
717 2164 2030 2311 Mer in die Cantrey ii elln Nurnberger
844 2306 2005 2439 i per iiii s vnd vi elln weiß fueter
844 2380 2545 2523 tuech i per i s x ꞩ ii γ d
742 2599 1745 2805 Latus L xxxx γ d
3156 431 4345 610 vmb v Stukh weiß Dinglfinger fueter
3201 592 4331 706 tuech i per iiii γ iiii s dauon geben
3210 681 4339 798 iij̸ stukh Zohn Start knechtn die anndern
3209 758 4906 915 iij̸ stukh den knabn in die Canntrey ꞩ xxii γ iiii s d
3185 941 4363 1060 vmb xlii elln Rat Lindisch gebn den
3204 1045 4358 1162 Siben geselln in die Canntrey ye ain
3249 1068 4896 1256 elln per i γ ꞩ xlii γ d
3179 1277 4416 1396 vmb ain Swartzen Tr gler dem haws
3231 1341 4944 1505 Knecht im Rathaws hofgwannt per iii γ iiii s xxiiii d
3206 1522 4412 1641 vmb iii elln weiß fueter tuech den Start
3224 1589 4928 1757 knechten Zu farben i per ii s ꞩ i γ s d
3188 1778 4337 1903 Den Zwayn Turnern xvij̸ elln gelb
3215 1837 4928 2011 fuetertuech i per i s xviii ꞩ iii γ ii s xii d
3153 2042 4406 2160 Mer aim Turner der mit vnserer genedigisten
3205 2143 4372 2251 frawen Lanndsfurstin aus gewest vnd
3187 2223 4379 2338 widerkomen geben vii elln Roten Lanngen
3212 2303 4450 2448 Nurnberg i per iiii s Siben elln gelb fueter
3255 2403 4459 2537 tueh i per i s x viii d mer iii Turnern
3251 2462 4959 2654 iii virtl weiß tuech Zu farben per iiii s ꞩ v γ iii s vi d
3161 2737 4359 2931 Latus L xxvii γ vii s xii d
