5241 3622
852 436 1911 575 Einannder ausgebn den
938 569 1909 686 nach bemelten personen Irn Sold
849 767 1958 912 Hannsn Frey Mauter bey sand Nicla
874 903 1917 999 sen Sold angefanngn an Freytag
874 990 1896 1089 nach sand Apolainatag bis auf
853 1073 1970 1194 Weichnachten macht xlvi wochen
833 1138 2571 1279 wochenlich iiii s ꞩ xxiii γ d
827 1356 1932 1502 Hannsen Auntz    Mauter vnder den
878 1487 1995 1593 klerob hafen seinen Sold die obgemelten
862 1576 2558 1715 x l vi wochn auch per iiii s ꞩ xxiii γ d
829 1758 2018 1883 Den vier Fewr Rueffern Iren Sold auch
860 1803 2567 1987 die xlvi wochn ein iiii s ꞩ Lxxxxii γ d
808 2016 1981 2149 Dem wirt in kerner turn sein Sold
848 2111 2602 2287 die gemelten xlvi wochen i per ii s ꞩ xi γ iiii s d
809 2289 2009 2430 Maister Hannsn Wurcher Schlosser
915 2426 2621 2588 sein Sold auch xliii wochn sein
872 2512 1216 2646 per vi s
619 2670 1857 2875 Latus i C L xxx iiii γ d
3200 416 4344 622 Aufgenomen den Stuelmacher vnder
3259 603 4297 709 das Hafner tor vnd Schl prer
3260 688 4353 790 vnder das Tor bey dem Spital ange
3251 776 4348 901 fanngen an Freitag nach Letore bis
3258 886 4349 994 auf weichnachten macht xxxviiii
3220 947 4920 1100 wochen aine per iiii s ꞩ xxx viiii γ d
3173 1149 4344 1295 Doctor Gerber aus beuelh der hrn
3239 1223 4891 1389 pro w ra daran gebn x γ d
3175 1479 4410 1634 Maister Georgn Retzenperger Schuel
3245 1619 4384 1729 maister bey sand Steffan seinen Iarsold
3242 1713 4383 1825 Zu vier quottember Zu yeder viii γ
3250 1770 4920 1920 beZalt vt quit ꞩ xxx ii γ d
3182 1967 4375 2113 Lienhartn Haws sein Iar sold Zu vier
3240 2108 4360 2207 quottember Zu yeder xxxviii γ d
3259 2125 4938 2305 beZalt vt quitt ꞩ i c L γ d
3173 2333 4382 2473 Dem Hawsknecht im Rathaws sein
3183 2427 4988 2590 Sold Lii Wochn i per xii d ꞩ ii γ iiii s xxiiii d
3198 2672 4520 2877 Latus ii c xxxiii γ iiii s xxiii d
