4930 3959
878 509 1940 653 Cantor bei St. Steffan Alhie
878 626 1985 753 sein gewöhnliche Monnath be
875 745 1975 850 soldtung so sich an Heut ver
841 850 1882 950 fallen Nemblichen Zehen
858 957 1865 1067 gulden reinisch vtt Quit
849 1031 2387 1172 tung Idest f. 10. s - d -
868 1397 1922 1550 Den SechsvndZwaintzigisten
846 1541 1914 1646 dits gab ich dem M. Georgii Er
879 1642 1900 1736 nestii Bärtholomeii der Cantores
889 1732 1954 1845 khnaben bey Steffan Inn Litris
876 1833 1944 1934 preceptorn die Sechs Taler oder
871 1932 1918 2032 Siben gulden reinisch so Ime
866 2032 1911 2131 Iarlichen Anstat aines Tisch
887 2135 1957 2243 truckh geraicht werden
896 2242 1993 2353 auf diß gegen würdige Iar
899 2302 2433 2468 vtt Quittung Idest f. 7. s - d -
817 2560 1997 2773 Den Ainvnddreissigisten Au
853 2754 2025 2875 gustii gab ich dem herrn Quin
900 2867 1995 2967 tin De la Court Cantorn bey
896 2950 2074 3095 St. Steffan Alhie sein gewöhn
739 3171 2134 3409 Latus 17. f - s - d.
2974 423 4158 559 liche Monnath besoldtung so sich
2999 549 4130 656 an Heut verfallen Nemblichen
2991 660 4180 772 Zehen gulden reinisch vtt Quit
2971 772 4628 935 tung Idest f. 10 s - d -
3007 1104 4058 1270 Den Sechsvnd Zwaintzigisten Sep
2999 1264 4089 1364 tembris Zalt ich dem herrn Paul
2988 1363 4110 1464 Hierschen des Aussern Raths vnd
2993 1461 4174 1568 Tuechhandlsman Alhie so Er negst
3006 1558 4040 1658 uerschines Sechtzehenhundert
2989 1664 4159 1759 Zehendten Iars den Zwaintzigisten
3000 1747 4066 1860 Nouembris Zw der Cantorey
3002 1854 4135 1953 khnaben wintterkhlaidtung
2994 1947 4102 2053 vnd Langen röckhen auß sein
3001 2046 4084 2145 nem hanndlsgewelb darge
3001 2138 4195 2254 ben vmb Funff stuckh genetzt
2999 2252 4133 2359 vnd geschorn schwartz Kherntuech
2977 2360 4145 2465 für ains Sibentzehen Item drey
3000 2453 4082 2566 stuckh genetzt schwartz fuetter
2961 2558 4076 2678 Tuech Yedes Per Funff Ain
2979 2674 4118 2776 halben gulden bringt Zusam
2971 2753 4222 2875 ben benenntlichen Ainhundert
2969 2877 4201 2997 Ain gulden vier schilling d.
2744 3068 3734 3333 Latus per See.
