4899 3947
798 474 2049 603 Vermüg geferttigten AußZügls
838 587 2387 718 hiebey Idest f. 101 s 4. d -
753 845 1840 1055 Den dreissigisten Septembris
857 1051 1859 1141 gab ich dem herrn Quintin
824 1126 1992 1245 dela Court Canntorn bei St. Stef
839 1244 1907 1346 fan Alhie sein gewohnliche
833 1341 1907 1456 Monnath besoldung an Heut
844 1463 1878 1557 verfallen Nemblichen
852 1573 1820 1668 Zehen gulden reinisch
843 1616 2379 1806 vtt Quittung Idest f. 10. s - d -
798 1946 1959 2172 Den Ainvnnd dreissigisten Oc
865 2160 1981 2265 tobris gab ich ermelttem herrn
830 2263 1907 2357 Quintin dela Court Cantorn
846 2355 1948 2472 bei St. Steffan Alhie sein Mo
837 2452 1902 2574 natbesoldtung so sich an Heut
844 2572 1956 2672 verfallen Innhalt seiner Quit
847 2667 1926 2792 tung hiebeiligent Zehen gulden
870 2756 2373 2912 Idest f. 10. s - d -
640 3101 2137 3272 Latus 121. f 4 s - d.
2909 409 4040 565 Den Lesten Nouembris gab ich
2948 569 3967 672 dem Quintin Dela Court Can
2961 673 4038 787 torn bei St. Steffan Alhie sein
2959 789 4092 891 gewöhnliche Monnath besoldung
2956 885 4003 997 so sich an heut verfallen Be
2962 967 4066 1095 nenntlichen Zehen gulden rh.
2932 1083 4698 1234 Lautt Quittung Idest f. 10. s - d -
2902 1449 4078 1596 Den Sibentzehendten decembris
2990 1589 3995 1702 Zalt ich dem Simon Greißler
2969 1699 3996 1799 Burger vnd Schuestern Alhie
2977 1800 3981 1918 vmb Sechsvnd dreissig Paar
2982 1918 4037 2020 Schuech so Er denen Cantores
2991 2012 3996 2124 Khnaben bei St. Steffan da
2980 2105 4164 2224 selbst dises ganntze Iar hinumb
2963 2218 4018 2341 Zw Irer Summer vnd wint
2975 2348 4072 2454 terkhlaidtungen gemacht für
2967 2454 4102 2568 Yedes Paar ains Inn das annder
2980 2572 4119 2680 vier schilling phening bringt
2972 2683 4144 2783 benenntlichen Achtzehen gulden
2952 2786 4109 2893 reinisch Innhaltt Quittung
3113 2893 4619 3053 Idest f. 18 s - d -
2889 3153 4167 3312 Latus 28. f - s - d.
