4951 3951
806 436 1940 637 Den Lesten dits gab ich Ebener
843 633 1902 735 massen dem Herrn M. Iohann
835 694 1967 834 Khuen Rectorn mehrermelt
844 831 1932 935 ter Löblichen Burger schuel Alhie
839 926 1940 1041 sein Quattember Besoldtung so
828 1034 1892 1140 sich Yetzt Michaelis verfallen
816 1124 1980 1238 Vermüg Quittung Benennt
831 1239 2002 1356 lichen funffundsibentzig gulden
823 1339 2407 1480 reinisch Idest f. 75. s - d -
799 1644 1916 1792 Den Lesten Octobris gab ich M.
846 1782 1966 1889 Iohann Khuen der Zeit Rectorn
852 1881 1911 1996 der Loblichen Burgerschuel Alhie
850 1997 1945 2116 für den Ihenigen dreiling oder
856 2110 1976 2219 viervnd Zwaintzig Emer Wein
862 2221 1961 2325 so Ime Iärlichen von Gemainer
853 2310 1943 2423 Statt geraicht würdet auf
841 2418 1994 2533 diß Sechtzehenhundert Aindliffts
854 2523 1925 2630 Iar das Paargelt für Yeden
859 2632 1974 2746 Emer Achtzehen schilling phening
855 2735 2015 2838 Bringt benenntlichen viervnd
877 2843 1971 2937 funfftzig gulden reinisch
877 2933 1999 3032 Innhalt seiner Quittung hiebei
1413 2959 2452 3154 Idest f. 54 s - d.
615 3205 2171 3395 Latus 129. f - s - d.
3015 420 4190 582 Den viertten Nouembris gab ich
3055 575 4111 679 dem herrn M. Iohann Khuen
3036 676 4100 795 der Löblichen Burger schuel Alhie
3033 783 4150 893 Rectorn sein gewöhnliche Mutt
3039 871 4150 998 Khorn auft diß Sechtzehenhundert
3035 998 4190 1100 Aindliffte Iar welche am Traidt
3034 1085 4233 1192 marckht Alhie von Iän Schinman
3019 1190 4093 1302 arii von Seierla Per Aindliff
3014 1304 4163 1398 gulden vier schilling phening
3019 1387 4139 1518 erkhaufft worden Innhalt Quit
3008 1506 4688 1650 tung Idest f. 11. s 4. d -
2980 1800 4114 1975 Den vierZehendten decembris
3026 1962 4141 2087 gab ich dem herrn M. Peter Hof
3036 2076 4060 2183 man der Zeit professorn der
3039 2185 4029 2298 Löblichen Burgerschuel Alhie
3040 2286 4072 2393 sein Quattember gebüernuß
3037 2386 4108 2486 wegen der Ime verlüchenen Zwo
3030 2466 4181 2581 professurn so sich Yetzige Quattember
3007 2572 4144 2672 Natiuitatis verfallen Benent
3032 2676 4135 2778 lichen SechsvndZwaintzig gulden
3037 2768 4104 2876 reinisch Innhalt seiner Quit
3023 2822 4712 2977 tung hiebeiligent Idest f. 26. s - d -
2695 3080 4235 3325 Latus 37. f. 4 s - d.
