4927 3950
840 482 2016 622 fan daselbst Summerkhlaidtung
838 625 1952 757 Yedes Per Funff einhalben schil
831 729 1983 842 ling dargeben Bringt Sechtzehen
829 845 1961 952 gulden vier schilling Phening
831 935 2000 1067 Innhalt seiner geferttigten Quit
854 1040 2403 1178 tung Idest f. 16. s 4. d-
810 1367 1955 1573 Den Lesten Aprilis gab ich dem
867 1567 1949 1673 Quintin De la Court der Zeit Can
865 1673 1930 1780 torn bei St. Steffan Alhie sein
864 1775 1945 1873 gewohnliche Monnath besoldt
835 1865 1977 1981 ung so sich an Heut verfallen
862 1966 1902 2067 Nemblichen Zehen gulden
866 2073 1990 2192 reinisch Innhalt Quittung
901 2186 2405 2331 Idest f. 10. s - d -
867 2456 1949 2606 Den vier Zehendten Maii
887 2600 1951 2713 gab ich dem Quintin dela Co
871 2706 1914 2816 urt der Zeit Cantorn bei
858 2805 2080 2928 St. Steffan Alhie sein gewöhn
882 2910 1974 3048 liches Summerholz gelt auf
790 3237 2147 3422 Latus 26. f. 4 s - d
2908 398 4106 562 diß Iar Benenntlichen vier Zehen
2979 563 4131 672 gulden reinisch vermüg seiner
2963 648 4633 807 Quittung hiebei Idest f. 14. s - d -
2919 996 4162 1167 Den Neuntzehendten dits Zalt ich
2970 1165 4110 1273 dem Maister Peter Dantzer Bur
2965 1269 4043 1374 ger vnd Schneider Alhie Vmb
2952 1364 4105 1472 das Er denen Canntorey Khnaben
2951 1471 4078 1588 bei St. Steffan auf Yetzige khl
2913 1578 4013 1694 Phingsten Ir Summerkhlaid
2952 1692 4062 1795 tungen gemacht von Yedem
2942 1799 4058 1905 Alttem gebrauch nach funff
2957 1904 4172 2017 schilling Phening dann auch
2952 2013 4000 2111 vmb ander notdurfften
2954 2113 4045 2236 alls Khnopff werch häfftl Nestl
2948 2231 4064 2336 Huetschnier von denen hüeten
2947 2340 4018 2449 Zufüetern vnd anderst
2943 2436 3974 2545 Innhalt seines Specificierten
2958 2539 3983 2643 vnd geferttigten AußZugs
2955 2636 4078 2739 hiebei Benenntlichen Aind
2966 2737 4053 2858 liff gulden Funff schilling
2937 2831 4622 2990 Achtzehen Pfenning Idest f. 11. s 5 d 18
2718 3145 4181 3344 Latus 25. f. 5 s. 18 d
