4958 3947
748 464 1880 635 Den Neuntzehendten decembris
845 631 1873 733 gab ich dem M. Iohann Lündten
840 725 1925 832 perger der Zeit professorn der
827 826 1982 931 Loblichen Burgerschuell Alhie sein
814 910 2021 1029 Quattember besoldtung Yetzt Weyhn
839 1023 2041 1129 achten verfallen drey Zehen gulden
827 1111 2410 1261 reinisch vtt Quittung Idest f. 13 s - d -
857 1408 1951 1546 Den viervndZwaintzigisten De
870 1531 1981 1636 cembris gab Ich dem herrn M.
852 1637 1863 1737 Iohann Khuen Rectorn der
864 1723 1893 1838 Loblichen Burgerschuel bey St.
861 1827 1957 1943 Steffans Thumbkhirchen Alhie
871 1938 1957 2040 sein besoldtung so Ime von Ge
868 2036 1881 2147 mainer Statt Quattember
870 2159 1918 2257 lich geraicht würdet vnd sich
864 2266 1956 2358 Yetzige Quattember Natiuita
866 2355 1981 2459 tis verfallen Benenntlichen
875 2460 1895 2562 Funffundsibentzig gulden
856 2566 1979 2672 reinisch Innhalt seiner Quit
856 2639 2427 2798 tung hiebei Idest f 75 s - d.
757 3144 2176 3321 Latus 88. f - s - d
3112 1348 4123 1527 Summa Außgaab Auf die
3209 1509 3868 1621 Burger Schuel
3380 1653 4542 1865 Ø 570. f. 4. s. d.
