5583 3970
1001 236 2311 380 Den Fünfften Nouembris dem Herrn Vitzthumb
1054 370 2317 483 betzalt den bestandt des vngelts dise wochen
1022 481 2805 584 vt Quittung f. 250 " - " -
934 659 2245 800 Item betzalt ich dennen Syben vngeltern Ir
990 771 2829 904 wochen besoldtung f. 12 " 2 " -
1030 929 2300 1054 Den 12. Dito dem Herrn Vitzthumb betzalt
1008 1044 2221 1157 den bestandt des vngelts dise wochen vt
1012 1132 2834 1264 Quittung f. 250 " - " -
964 1315 2194 1464 Item betzalt ich dennen Syben Vngeltern
1033 1449 2874 1594 Ir wochen besoldtung f. 12 " 2 " -
1002 1634 2198 1768 Item den .19. Dito dem Herrn Vitzthumb
1055 1749 2332 1876 betzalt den bestandt des vngelts dise wochen
1050 1863 2874 1984 vt Quittung f. 250 " - " -
935 2027 2321 2174 Item betzalt ich dennen Syben Vngeltern
961 2159 2865 2296 Ir Wochen besoldtung f. 12 " 2 " -
1067 2320 2320 2454 Den 26 Dito dem Herrn Vitzthumb betzalt
1021 2439 2282 2572 den bestandt des vngelts dise wochen vt
1036 2544 2875 2653 Quittung f. 250 " - " -
985 2662 2285 2821 Item den 7 Vngeltern Zalt ich Ir wochen
1012 2799 2915 2918 besöltung f. 12 "  2  " -
1080 2925 2340 3049 Den 3 Decembris dem Herrn Vitzthumb
1070 3036 2347 3156 betzalt den bestandt des vngelts dise wochen
1067 3145 2894 3268 vt Quittung f. 250 " - " -
1360 3331 2515 3540 Latus f. 1299 s - d - ./.
3472 201 4863 364 Item betzalt dennen 7 Vngelter Ir wochen
3581 354 5457 468 besoldtung f. 12 " 2 " -
3593 489 4847 607 Den .10. Decembris dem Herrn Vitzthumb
3564 598 5414 747 betzalt Inhalt Quitung dise wochen f. 250 " - " -
3526 752 4832 892 Item Betzalt dennen Syben vngeltern
3573 887 5446 1036 Ir Wochen besoldtung f. 12 " 2 " -
3557 1051 4898 1187 Den 17 Decembris Zalt ich dem Herrn Vitzth
3637 1178 5384 1298 umb Innhalt Quitung f. 250 " - " -
3523 1323 4863 1476 Item Zalt ich dennen Syben vngeltern
3500 1461 5452 1601 Ir Wochen besöldtung f. 12 " 2 " -
3560 1654 4764 1771 Dem Valthin Perger Zalt ich in Ain
3640 1762 5421 1910 Quartall An seiner besoldtung vt Quittung f 50 " - " -
3604 1949 4942 2073 Den .22. Decembris Betzalt ich dem Maister
3607 2059 4909 2185 Gregor Erberhardt Burger vnd Buechpindter
3584 2167 4932 2280 Alhie vmb Register so man Zue Notturfft
3554 2263 4884 2376 des vngelts vnd Zaphenmas gemacht Inhalt
3581 2362 5442 2496 Drey Particular des .66. 67. 68. Isten Iars f. 12 " - " -
3595 2546 4817 2669 Den .24. Decembris dem Herrn Vitzth
3562 2659 4805 2781 umb betzalt den bestandt des vngelts
3579 2765 5365 2883 vt Quittung f. 250 " - " -
3620 2912 4792 3040 Item dennen Syben vngelter betzalt ich
3582 3017 5430 3164 Ir Wochen besöldtung f. 12 " 2 " -
3762 3243 4865 3458 Latus f. 861. s. - d - ./.
