<?xml version="1.0" encoding="UTF-8" standalone="yes"?>
<PcGts xmlns="http://schema.primaresearch.org/PAGE/gts/pagecontent/2013-07-15">
    <Metadata>
        <Creator>prov=READ-COOP:name=PyLaia@TranskribusPlatform:version=2.24.0:model_id=306733:lm=provided:date=19_03_2025_12:47</Creator>
        <Created>2025-03-19T10:59:27.362+01:00</Created>
        <LastChange>2026-02-02T11:25:24.125+01:00</LastChange>
        <TranskribusMetadata docId="7507438" pageId="93666437" pageNr="190" status="GT" userId="261754" imgUrl="https://files.transkribus.eu/Get?fileType=view&amp;id=ENNTLGUSMYYVHFPJZNKDWRUA" imageId="78332256"/>
    </Metadata>
    <Page imageFilename="93666437.tif" imageWidth="5613" imageHeight="3967">
        <TextRegion id="region_156133967" custom="readingOrder {index:0;}">
            <Coords points="0,0 2806,0 2806,3967 0,3967"/>
            <TextEquiv>
                <Unicode></Unicode>
            </TextEquiv>
        </TextRegion>
        <TextRegion id="region_256133967" custom="readingOrder {index:1;}">
            <Coords points="2807,0 5613,0 5613,3967 2807,3967"/>
            <TextLine id="tl_1742381519" custom="readingOrder {index:0;} headline {offset:0;length:29;}">
                <Coords points="3507,293 3506,353 3519,404 3492,468 3489,544 3492,576 3518,591 3618,595 4679,594 4891,580 4996,567 5014,561 5021,549 5021,409 5008,387 4952,361 4898,346 4679,303 4502,297 4347,261 4259,250 4035,245 3957,235 3749,223 3675,223 3564,237 3548,246"/>
                <Baseline points="3489,502 5021,502"/>
                <TextEquiv>
                    <Unicode>Ausgab auff die Zaphenmas ./.</Unicode>
                </TextEquiv>
            </TextLine>
            <TextLine id="line_1742381879689_288" custom="readingOrder {index:1;}">
                <Coords points="3586,667 3828,675 3885,685 3905,698 3942,707 3961,718 4060,740 4148,749 4217,745 4410,720 4592,712 4783,716 4812,722 4853,744 4859,766 4859,826 4852,838 4836,843 4622,831 4313,851 4253,850 4069,829 4013,829 3910,841 3869,841 3733,823 3586,829"/>
                <Baseline points="3586,805 4859,805"/>
                <TextEquiv>
                    <Unicode>Item Nachtem meine gh. herrn von Wienn</Unicode>
                </TextEquiv>
            </TextLine>
            <TextLine id="tl_1742381538" custom="readingOrder {index:2;}">
                <Coords points="3549,863 3552,917 3565,926 3612,942 3778,941 3902,952 4060,951 4138,959 4194,958 4281,946 4388,945 4443,950 4520,971 4636,971 4720,962 4876,954 4888,945 4888,862 4884,856 4866,850 4760,849 4650,840 4577,839 4434,855 4287,859 4189,853 4098,860 4009,849 3903,853 3766,834 3602,835 3567,842 3554,848"/>
                <Baseline points="3549,936 4888,936"/>
                <TextEquiv>
                    <Unicode>die Neu bewilligte Toplete Zaphenmaß</Unicode>
                </TextEquiv>
            </TextLine>
            <TextLine id="tl_1742381523" custom="readingOrder {index:3;}">
                <Coords points="3614,1054 3616,1062 3624,1068 3658,1072 3866,1072 3917,1083 3935,1097 3974,1103 4042,1102 4077,1088 4121,1077 4174,1078 4254,1071 4385,1073 4528,1095 4703,1072 4839,1067 4853,1063 4858,1055 4857,980 4849,974 4832,971 4740,972 4561,984 4521,979 4492,968 4444,960 4344,956 4246,968 4165,988 4046,973 3942,978 3819,959 3665,954 3621,960 3616,964"/>
                <Baseline points="3614,1065 4858,1065"/>
                <TextEquiv>
                    <Unicode>von Ainer Ersamen Landtschafft Bestandt</Unicode>
                </TextEquiv>
            </TextLine>
            <TextLine id="tl_1742381526" custom="readingOrder {index:4;}">
                <Coords points="4800,1122 4796,1112 4781,1107 4654,1091 4514,1096 4405,1087 4336,1087 4270,1092 4142,1110 4060,1104 3841,1101 3737,1091 3668,1097 3612,1110 3607,1122 3607,1167 3615,1178 3653,1184 3895,1198 3928,1204 3965,1219 4004,1227 4186,1228 4227,1225 4264,1209 4310,1197 4354,1196 4472,1210 4531,1211 4683,1192 4780,1189 4797,1183 4800,1177"/>
                <Baseline points="3607,1192 4800,1192"/>
                <TextEquiv>
                    <Unicode>Weis Auff Fünff Iar Lanng ( daruon</Unicode>
                </TextEquiv>
            </TextLine>
            <TextLine id="tl_1742381533" custom="readingOrder {index:5;} textStyle {offset:27;length:10;strikethrough:true;}">
                <Coords points="4907,1204 4888,1198 4775,1198 4559,1209 4312,1213 4223,1230 4139,1239 4027,1235 3869,1214 3606,1219 3588,1223 3582,1229 3580,1307 3588,1325 3604,1330 3774,1328 3889,1339 3980,1337 4034,1326 4125,1319 4316,1311 4414,1314 4499,1333 4562,1334 4685,1319 4871,1307 4905,1301 4909,1295"/>
                <Baseline points="3580,1303 4909,1303"/>
                <TextEquiv>
                    <Unicode>Sy iedes Iar insonderhait  Auff Fünff Aindliff tausent</Unicode>
                </TextEquiv>
            </TextLine>
            <TextLine id="tl_1742381527" custom="readingOrder {index:6;}">
                <Coords points="4818,1349 4813,1340 4752,1323 4613,1322 4532,1331 4387,1324 4302,1342 4229,1346 4005,1335 3809,1343 3609,1344 3574,1349 3558,1358 3554,1369 3554,1416 3557,1439 3573,1452 3664,1468 3984,1473 4067,1446 4138,1436 4215,1433 4280,1436 4390,1449 4520,1471 4585,1466 4660,1440 4811,1420 4818,1414"/>
                <Baseline points="3554,1433 4818,1433"/>
                <TextEquiv>
                    <Unicode>Fünffhundert gulden Reinisch Reichen vnnd</Unicode>
                </TextEquiv>
            </TextLine>
            <TextLine id="tl_1742381536" custom="readingOrder {index:7;}">
                <Coords points="4855,1463 4844,1452 4782,1450 4678,1458 4569,1474 4478,1478 4259,1461 4144,1460 4066,1467 3984,1488 3939,1492 3787,1483 3691,1470 3576,1467 3546,1470 3530,1479 3525,1554 3533,1568 3580,1574 3935,1565 4090,1578 4174,1578 4302,1565 4556,1564 4685,1579 4808,1578 4840,1573 4854,1563"/>
                <Baseline points="3525,1546 4855,1546"/>
                <TextEquiv>
                    <Unicode>geben sollen ) Angenomen haben doch mit</Unicode>
                </TextEquiv>
            </TextLine>
            <TextLine id="tl_1742381529" custom="readingOrder {index:8;}">
                <Coords points="3537,1597 3540,1691 3547,1706 3570,1712 3718,1713 3790,1707 4075,1701 4328,1685 4556,1688 4648,1698 4677,1708 4719,1713 4833,1712 4850,1707 4855,1698 4855,1608 4850,1601 4831,1596 4728,1593 4600,1580 4454,1585 4367,1575 4311,1574 4162,1583 4026,1573 3908,1572 3748,1579 3600,1575 3547,1582"/>
                <Baseline points="3537,1677 4855,1677"/>
                <TextEquiv>
                    <Unicode>der gelegenhait das man Allemol Ain Quartl</Unicode>
                </TextEquiv>
            </TextLine>
            <TextLine id="tl_1742381525" custom="readingOrder {index:9;}">
                <Coords points="4807,1753 4793,1745 4683,1725 4665,1712 4644,1708 4632,1701 4579,1696 4511,1698 4440,1706 4347,1701 4258,1704 4087,1720 4001,1737 3954,1742 3906,1737 3821,1718 3773,1718 3696,1734 3594,1746 3581,1756 3580,1792 3581,1812 3590,1827 3624,1839 3671,1845 3800,1845 3905,1821 4056,1818 4134,1827 4178,1844 4245,1846 4270,1844 4290,1832 4344,1818 4391,1817 4476,1831 4508,1832 4562,1826 4667,1828 4788,1819 4807,1811"/>
                <Baseline points="3580,1807 4807,1807"/>
                <TextEquiv>
                    <Unicode>solliches Bestandts Ehe Zuuor hinaus geben</Unicode>
                </TextEquiv>
            </TextLine>
            <TextLine id="tl_1742381522" custom="readingOrder {index:10;}">
                <Coords points="4865,1845 4860,1835 4844,1831 4461,1838 4363,1828 4306,1834 4279,1846 4217,1859 4169,1852 4141,1840 4102,1833 4021,1829 3885,1835 3801,1852 3750,1857 3638,1851 3605,1854 3587,1862 3576,1886 3542,1901 3537,1914 3537,1933 3545,1944 3558,1950 3651,1947 3751,1950 3885,1972 4032,1971 4127,1948 4250,1937 4802,1947 4845,1943 4864,1933"/>
                <Baseline points="3537,1936 4865,1936"/>
                <TextEquiv>
                    <Unicode>solt Alles Inhalt Aines bestandts Brieffs</Unicode>
                </TextEquiv>
            </TextLine>
            <TextLine id="tl_1742381520" custom="readingOrder {index:11;}">
                <Coords points="3519,1970 3519,2033 3527,2055 3579,2070 3631,2075 3781,2076 3874,2087 3965,2087 4084,2069 4289,2059 4356,2063 4441,2078 4547,2074 4679,2079 4821,2069 4841,2065 4844,2059 4842,2001 4784,1984 4687,1975 4530,1970 4357,1951 4269,1951 4203,1957 3945,1996 3916,1996 3747,1959 3651,1951 3540,1952 3525,1958"/>
                <Baseline points="3519,2053 4844,2053"/>
                <TextEquiv>
                    <Unicode>des Datum stet den ViervndZwaintzigisten</Unicode>
                </TextEquiv>
            </TextLine>
            <TextLine id="tl_1742381530" custom="readingOrder {index:12;}">
                <Coords points="3587,2120 3587,2188 3591,2198 3641,2209 3706,2208 3821,2184 4011,2193 4190,2180 4424,2191 4508,2202 4564,2204 4686,2186 4776,2183 4792,2179 4796,2174 4796,2110 4790,2101 4733,2093 4669,2093 4568,2079 4436,2091 4344,2081 4258,2077 4132,2087 3999,2086 3950,2094 3913,2106 3865,2107 3814,2099 3747,2081 3687,2077 3634,2082 3592,2102"/>
                <Baseline points="3587,2176 4796,2176"/>
                <TextEquiv>
                    <Unicode>tag Apprillis dits Neünvndsechtzigisten</Unicode>
                </TextEquiv>
            </TextLine>
            <TextLine id="tl_1742381534" custom="readingOrder {index:13;}">
                <Coords points="4906,2235 4903,2216 4892,2208 4843,2195 4801,2192 4664,2193 4513,2203 4367,2197 4206,2198 4086,2217 3833,2193 3707,2210 3635,2210 3586,2217 3576,2229 3576,2301 3584,2314 3596,2319 3741,2308 3856,2312 3972,2300 4033,2300 4168,2323 4218,2321 4257,2311 4306,2308 4407,2325 4554,2310 4611,2313 4704,2331 4898,2330 4905,2324"/>
                <Baseline points="3576,2294 4906,2294"/>
                <TextEquiv>
                    <Unicode>Iars vnnd demnach so hab ich den Vierzehenden</Unicode>
                </TextEquiv>
            </TextLine>
            <TextLine id="tl_1742381535" custom="readingOrder {index:14;}">
                <Coords points="3558,2342 3558,2405 3561,2425 3568,2432 3620,2439 3748,2441 3801,2453 3819,2462 3871,2469 4053,2468 4092,2457 4121,2440 4177,2430 4218,2429 4343,2444 4490,2421 4556,2416 4726,2413 4743,2405 4743,2361 4738,2350 4689,2336 4601,2320 4444,2323 4350,2312 4288,2311 4158,2328 4059,2312 4023,2311 3998,2312 3882,2334 3832,2335 3708,2312 3615,2309 3571,2320 3562,2329"/>
                <Baseline points="3558,2429 4743,2429"/>
                <TextEquiv>
                    <Unicode>tag Maii Inhalt solliches bestandts in</Unicode>
                </TextEquiv>
            </TextLine>
            <TextLine id="tl_1742381524" custom="readingOrder {index:15;}">
                <Coords points="4809,2452 4801,2441 4774,2438 4607,2442 4480,2437 4428,2443 4352,2460 4170,2459 4126,2468 4091,2481 4033,2487 3744,2450 3703,2447 3607,2449 3587,2458 3586,2523 3591,2531 3610,2535 3854,2550 3992,2550 4138,2540 4443,2540 4578,2545 4738,2542 4794,2537 4807,2532"/>
                <Baseline points="3586,2521 4809,2521"/>
                <TextEquiv>
                    <Unicode>Namen Gemainer Stat Aus dem Ober</Unicode>
                </TextEquiv>
            </TextLine>
            <TextLine id="tl_1742381537" custom="readingOrder {index:16;}">
                <Coords points="4796,2582 4793,2567 4786,2563 4740,2556 4556,2561 4404,2549 4187,2551 4118,2559 4013,2598 3951,2602 3916,2597 3889,2586 3839,2576 3662,2560 3615,2560 3595,2569 3595,2659 3599,2666 3613,2671 3674,2673 3809,2661 4228,2656 4317,2662 4385,2686 4557,2684 4788,2653 4796,2643"/>
                <Baseline points="3595,2651 4796,2651"/>
                <TextEquiv>
                    <Unicode>Stat Cammerambt des Erst Quartall</Unicode>
                </TextEquiv>
            </TextLine>
            <TextLine id="tl_1742381528" custom="readingOrder {index:17;}">
                <Coords points="3561,2743 3562,2778 3573,2793 3668,2804 3722,2802 3848,2782 3938,2791 3988,2791 4027,2785 4078,2785 4133,2791 4248,2778 4296,2778 4382,2792 4521,2784 4656,2797 4778,2785 4803,2779 4807,2773 4807,2686 4802,2677 4788,2672 4678,2669 4420,2692 4383,2688 4350,2676 4304,2670 4203,2671 4016,2663 3968,2667 3898,2686 3851,2690 3754,2687 3649,2697 3610,2705 3596,2720 3565,2730"/>
                <Baseline points="3561,2768 4807,2768"/>
                <TextEquiv>
                    <Unicode>so sich den Viervndzwaintzigisten tag App</Unicode>
                </TextEquiv>
            </TextLine>
            <TextLine id="tl_1742381518" custom="readingOrder {index:18;}">
                <Coords points="3538,2816 3540,2891 3555,2899 3597,2904 3850,2895 3913,2900 4005,2921 4074,2923 4297,2900 4403,2897 4456,2905 4489,2921 4539,2923 4637,2912 4817,2906 4836,2902 4841,2896 4839,2812 4822,2803 4779,2794 4631,2796 4553,2788 4493,2787 4363,2799 4223,2793 4067,2796 4020,2801 3984,2810 3934,2810 3903,2799 3843,2791 3622,2787 3551,2793 3542,2799"/>
                <Baseline points="3538,2889 4841,2889"/>
                <TextEquiv>
                    <Unicode>rillis Zuuor Angefangen hat Herrn Hansen</Unicode>
                </TextEquiv>
            </TextLine>
            <TextLine id="tl_1742381517" custom="readingOrder {index:19;}">
                <Coords points="3577,2930 3577,3000 3581,3018 3626,3029 3750,3044 3801,3044 3898,3035 3983,3049 4160,3049 4209,3043 4266,3024 4316,3015 4418,3014 4676,3030 4714,3028 4763,3016 4769,3007 4768,2927 4750,2920 4712,2916 4635,2916 4540,2924 4216,2922 4133,2928 3960,2929 3896,2924 3825,2909 3764,2906 3596,2915 3580,2921"/>
                <Baseline points="3577,3011 4769,3011"/>
                <TextEquiv>
                    <Unicode>Stockhamer Einer Ersamen Landtschafft</Unicode>
                </TextEquiv>
            </TextLine>
            <TextLine id="tl_1742381531" custom="readingOrder {index:20;}">
                <Coords points="4851,3064 4839,3056 4794,3051 4461,3043 4342,3033 4277,3035 4053,3059 3937,3052 3809,3056 3636,3044 3615,3047 3573,3064 3569,3080 3569,3127 3575,3154 3591,3163 3636,3173 3730,3166 3821,3174 3912,3175 4188,3148 4324,3149 4503,3164 4597,3164 4718,3156 4846,3138 4851,3132"/>
                <Baseline points="3569,3138 4851,3138"/>
                <TextEquiv>
                    <Unicode>Einnemer gegen gebürlich Quittung Zuegestelt</Unicode>
                </TextEquiv>
            </TextLine>
            <TextLine id="tl_1742381516" custom="readingOrder {index:21;}">
                <Coords points="5446,3176 5443,3166 5432,3159 5373,3149 5130,3133 4824,3137 4467,3160 4003,3169 3698,3167 3618,3175 3593,3185 3585,3199 3585,3233 3594,3246 3638,3259 3657,3271 3732,3279 4299,3270 4657,3278 5017,3278 5426,3214 5443,3204"/>
                <Baseline points="3585,3241 5446,3241"/>
                <TextEquiv>
                    <Unicode>macht f. 2875. s - d -</Unicode>
                </TextEquiv>
            </TextLine>
            <TextLine id="tl_1742381521" custom="readingOrder {index:22;}">
                <Coords points="3650,3554 3653,3562 3693,3574 3795,3585 3935,3593 4026,3592 4155,3575 4262,3572 4325,3576 4369,3563 4421,3540 4469,3530 4518,3526 4564,3517 4571,3508 4571,3453 4564,3444 4529,3427 4464,3409 4423,3404 4362,3388 4321,3381 4257,3376 4178,3361 4060,3351 4005,3341 3961,3339 3920,3349 3906,3361 3884,3372 3875,3388 3853,3398 3840,3413 3818,3420 3808,3431 3787,3440 3776,3450 3754,3457 3735,3469 3682,3487 3672,3497 3659,3503 3651,3514"/>
                <Baseline points="3650,3528 4571,3528"/>
                <TextEquiv>
                    <Unicode>Latus per se. ./.</Unicode>
                </TextEquiv>
            </TextLine>
            <TextEquiv>
                <Unicode>Ausgab auff die ZaphenmasItem Nachtem meine gh. herrn von Wienndie Neu bewilligte Toplete Zaphenmaßvon Ainer Ersamen Landtschafft BestandtWeis Auff Fünff Iar Lanng ( daruonSy iedes Iar insenderhait [insonderhait § ] Auff Fünff Aindliff tausentFünffhundert gulden Reinisch Reichen vnndgeben sollen ) Angenomen haben doch mitder gelegenhait das man Allemol Ain Quartlsolliches Bestandts Ehe Zuuor hinaus gebensolt Alles Inhalt Aines bestandts Brieffsdes Datum stet den ViervndZwaintzigistentag Apprillis dits NeünvndsechtzigistenIars vnnd demnach so hab ich den VierZehendentag Maii Inhalt solliches bestandts inNamen Gemainer Stat Aus dem OberStat CammerAmbt des Erst Quartallso sich den ViervndZwaintzigisten tag Apprillis Zuuor Angefangen hat Herrn HansenStockhamer Einer Ersamen LandtschafftEinnemer gegen gebürlich Quittung Zuegesteltmacht f. 2875. s - d -Latus per se. ./.</Unicode>
            </TextEquiv>
        </TextRegion>
    </Page>
</PcGts>
