5596 3939
971 208 2251 365 Item dennen Acht vngeltern betzalt ich Ir
1018 338 2885 479 Wochen besoldtung f. 14 " - " -
1012 531 2284 665 Den .10. Septembris betzalt ich dem Herrn Vitz
1018 652 2365 783 thumb den bestandt des vngelts dise wochen
1033 773 2844 901 vt Quittung f. 250 " - " -
1015 932 2241 1081 Den 15 Septembris betzalt ich dem Herrn
1040 1065 2215 1188 Vitzthumb den bestandt des vngellts vt
1046 1168 2833 1281 Quittung f. 250 " - " -
943 1315 2190 1468 Item betzalt ich dennen Acht vngeltern Ir
1060 1441 2854 1582 Wochen besöltung f. 14 " - " -
1018 1612 2225 1734 Den 17 Dito zalt ich dem Herrn Vitzthumb
939 1726 2839 1867 den bestandt des vngelts dise Wochen vt Quittung f. - " - " -
1020 1889 2259 2055 Item dennen Acht vngeltern Zalt ich Ir be
1028 2028 2803 2139 söldtung f. 14 " - " -
1015 2192 2316 2321 Den .24. Dito Zalt ich dem Herrn Vitzthumb
1021 2305 2280 2426 für den bestandt des vngelts dise wochen
1015 2415 2861 2537 vt Quittung f. 250 " - " -
955 2571 2358 2705 Item Zalt ich dennen Acht vngeltern Ir wochen
1028 2692 2842 2819 besöldtung f. 14 " - " -
1047 2882 2266 3013 Den Ersten Octobris Betzalt ich dem herrn
1023 2994 2268 3107 Vitzthumb den bestandt des vngelts dise
1037 3095 2867 3237 wochen Laut Quittung. f. 250 " - " -
1345 3360 2519 3573 Latus f. 1056 s - d -
3512 199 4866 350 Item dennen Acht vngeltern Zalt ich Ir Wochen
3593 331 5436 468 besoldtung f. 14 " - " -
3612 482 4959 609 Den Achten Octobris dem Herrn Vitzthumb betzalt
3562 588 4872 721 den bestandt des vngelts dise Wochen Laut
3614 719 5438 824 Quittung f. 250 " - " -
3550 875 4819 1031 Item dennen Acht vngeltern Zalt ir wochen
3601 1007 5464 1111 besoldtung f. 14 " - " -
3582 1201 4853 1322 Den 15. Dito dem Herrn Vitzthumb betzalt
3579 1308 4790 1428 den bestandt des vngelts dise Wochen
3604 1416 5440 1534 Laut Quittung f. 250 " - " -
3573 1589 4800 1717 Item dennen Acht vngeltern betzalt Ich Ir
3583 1698 5430 1844 Wochen besoldtung f. 14 " - " -
3598 1918 4894 2048 Den 22 Dito dem Herrn Vitzthumb betzalt
3574 2028 4760 2152 den bestandt des vngelts dise wochen
3571 2140 5421 2261 Laut Quittung f. 250 " - " -
3556 2281 4761 2415 Item Zalt ich dennen Acht vngeltern Ir
3594 2405 5405 2531 wochen besöldtung f. 14 " - " -
3631 2572 4888 2698 Den .29. Dito Betzalt ich dem Herrn Vitzthumb
3528 2689 5410 2818 den bestandt des vngelts Laut Quittung f. 250 " - " -
3496 2836 4833 2973 Item dennen 7 Vngeltern Zalt ich Innen
3554 2957 5426 3120 Ir Wochen besöldtung f. 12 " 2 " -
3708 3251 4917 3514 Latus f. 1068 s. 2. d - ./.
