5553 3959
977 236 2372 391 den Letzten Decembris dem Hn Vitzthumb
981 381 2824 517 betzalt den bestandt des vngelts vt Quittung f. 250 " - " -
946 498 2201 650 Item dennen .7. Vngeltern Zalt ich Ir
1017 629 2837 771 Wochen besoldtung f. 12 " 2 " -
1027 802 2267 919 Den .7. Ianuarii Anno etc. 70 Iars dem
964 914 2813 1053 Herrn Vitzthumb betzalt Laut Quittung f. 250 " - " -
959 1071 2238 1219 Item dennen Syben vngeltern Zalt Ir
1028 1200 2750 1358 besoldtung Laut Quittung f. 12 " 2 " -
1031 1386 2200 1503 Den 14 Dito dem Herrn Vitzthumb
1003 1494 2231 1616 Zalt den bestandt seiner vngelt Laut
1020 1582 2810 1697 Quittung f. 250 " - " -
971 1774 2289 1939 Item Nachtem meine gh. Herrn beschlossen
1020 1913 2207 2031 Hinfuran nit mer den vier vngelter
1014 2011 2344 2132 Zue haben vnd Ainem iedtlichen solt wochent
1026 2108 2257 2232 lich Zehen schilling gegeben werden hab
1007 2210 2275 2327 ich Innen demnach Auff dato derhalben
954 2303 2196 2426 die Erste betzallung gethan Laut vnnd
983 2416 2189 2537 Innhalt vnderschiedliche Particular wie
1005 2516 2849 2645 gebrauchig ist f. 5 " - " -
988 2682 2295 2840 Den Ersten tag Octobris betzalt ich Gema
1034 2821 2260 2929 iner Statt gegenhantler ein Vngelt vnd
1018 2911 2227 3033 Toploten Zaphenmaß sein halbe Iars
1019 3008 2253 3116 besöltung von Georgii des Neünvnd
1002 3098 2352 3221 sechtzigisten bis auf Michaelii berüerdtes
1015 3190 2901 3328 Iars Thuet lauth Quittung f. 52 " - " -
1200 3374 2370 3604 Latus f. 831 s. 4. d. ./.
3606 1678 4776 1848 Suma auf den Vngelt Ausgeben
3688 1852 4906 2100 Ø 14596. f. 6. s. d
