5588 3979
958 1471 2232 1762 Summa der Ausgab auf den Zapf
1098 1716 1577 1827 mas Bstandt ./.
1095 1843 2263 2152 Ø 8805. f. - s - d.
3527 167 4967 551 Gemainer Stat Casstner
3606 594 4857 771 Den Neündten tag Decembris Im Neün
3633 744 4863 895 vndsechtzigisten Iar hab ich dem Mathes
3583 881 4873 1019 Richter Burger vnd Casstner Alhie Auff
3588 1008 4880 1142 herrn Burgermaisters vnd Rats beuelch
3565 1125 4818 1273 gegeben Zway tausent gulden Reinisch
3515 1244 4894 1392 die hat Er mit Ime Per Znamb gefürdt
3618 1377 5411 1533 macht vt Quittung Reinisch f. 2000 s - d -
3614 1583 4796 1794 Den Letzten tag Decembris geben dem
3619 1782 4835 1910 Mathes Richter Gemainer Stat Casst
3581 1897 5429 2040 ner Laut vnd Inhalt Quittung f. 200 " - " -
3554 2158 4785 2308 den Achtzehenden Decembris Zuuor Als
3584 2287 4963 2439 Blay Bischoff Burger Alhie Auff das hungerisch
3594 2417 4889 2539 Aus beuelch meiner gh herrn Burgermaister
3605 2521 4948 2669 vnd Raths von wegen Einkhauffung getraits
3602 2639 4817 2792 verschickht worden hab ich Ime in weissen
3581 2766 4831 2907 vngerischen Mynntz gegeben Zway hundert
3580 2885 4781 3043 Sybenvndachtzig gulden vngerisch Zue
3729 3190 4913 3455 Latus f. 2200. s. - d. - ./.
