5637 3973
1123 262 2355 426 Dem Aylfften tag Maii Betzalt ich Auff
1116 402 2446 521 Burgermaister vnd Rath meiner gh herrn
1125 509 2348 626 beuelch Wilhelm Reinhart Ainer Ersamen
1119 609 2464 741 Landtschafft des Ertzhertzogthumbs Österreich
1085 722 2403 858 vnder der Enns Secretarii Tax von wegen
1064 849 2385 987 des Bstandt Brieffs der Zaphenmaß des
1120 972 2407 1121 Neuen Bstandts macht Laut beuelch vnd
1119 1093 2925 1257 Quittung f. 180. s - d. -
1079 1448 2301 1622 Den Achten Augustii Betzalt ich Hannsen
1109 1596 2337 1742 Stockhamer Ainer Ersamen Landtschafft
1088 1737 2397 1874 Einnemer Ain Quotember gelt von wegen
1043 1848 2416 1992 des Bstandts der Neue bewilligte Zaphenmas
1079 1976 2409 2127 so sich den Viervndzwaintzigisten tag Iullii
1067 2104 2422 2242 Angefangen vnd den viervndzwaintzigisten
1081 2225 2339 2370 tag Octobris khünfftig Ennden wierdt
1097 2354 2916 2504 Zuuor hinaus macht Laut Quittung f. 2875 " - " -
1082 2674 2327 2841 Den Neündten Nouembris Betzalt dem
1081 2828 2473 2969 Herrn Hannsen Stockhamer Ainer Ersamen
1090 2947 2388 3080 Landtschafft Einnemer Ain Quartall gelt
1094 3067 2435 3221 Zuuor hinaus des Bestandts der Topleten
1184 3318 2396 3548 Latus f. 3055. s. - d. - ./.
3633 240 4922 402 Zaphenmaß so sich den Viervndzwaintzigisten
3648 381 4923 516 tag Octobris Angefangen vnd den Viervnd
3639 510 4870 664 Zwaintzigisten tag Iannuarii khunfftigs
3610 646 4912 782 Sybentzigisten Iars Enden wierdt macht
3628 766 5509 940 Reinisch vt Quittung f. 2875. s. - d. -
3734 3062 4577 3547 Latus per se.
