5599 3974
913 244 2278 395 Den 9 Iulii dem Herrn Vitzthumb betzalt den
1058 379 2830 530 bestandt des vngelts dise Wochen vt Quittung f. 250 " - " -
980 613 2369 790 Item dennen Acht Vngeltern betzalt ich ir wochen
1035 772 2841 902 besoldtung f. 14 .
1027 954 2286 1085 Den 16 Dito betzalt dem Herrn Vitzthumb
994 1072 2245 1200 den bestandt des vngelts dise wochen
1035 1179 2830 1301 vt Quittung f. 250 - -
947 1356 2215 1513 Item dennen Acht vngeltern betzalt Ir
1031 1490 2895 1629 Wochen besöldtung f. 14. " - " -
1025 1708 2344 1839 Den .23. Dito dem Herrn Vitzthumb betzalt
1055 1812 2280 1945 ich den Bestandt des vngelts dise wochen
1043 1915 2846 2043 vt Quittung f. 250 " - " -
956 2088 2219 2226 Item dennen Acht Vngelter betzalt ich Ir
1016 2193 2852 2344 Wochen besöldtung f. 14 " - " -
1059 2440 2345 2582 Den .30. Dito dem Herrn Vitzthumb betzalt
1060 2562 2256 2684 dennherrn Vitzthumb den bestandt des
1068 2667 2898 2807 vngelts dise wochen vt Quittung f. 250 " - " -
1041 2855 2311 2990 Item dennen Acht vngelter betzalt ich Ir
1068 2974 2856 3116 wochen besoldtung f. 14 " - " -
1239 3256 2328 3470 Latus f. 1056. s. - d. - ./.
3519 222 4815 367 Disen tag Zalt ich dem Herrn Valthin Perger
3585 337 4914 449 gh Stat vngelts Handtler für sein Quotember
3614 431 4836 554 besoldtung so sich auf 24 Dito geendet hat
3609 539 5453 654 macht Lauth Quittung f. 50  " - " -
3564 684 4929 802 Den 6 Augustii Betzalt ich dem Herrn Vitzthumb
3564 793 5488 922 dem Wochen bestandt vt Quittung f. 250 " - " -
3546 934 4942 1075 Item Zalt ich dennen Acht vngeltern Ir Wochen
3619 1074 5457 1183 besoldtung f. 14 " - " -
3644 1221 4816 1347 Den 13 Dito betzalt ich dem Herrn Vitzthumb
3611 1340 5405 1472 den Wochen bestandt des vngelts vt Quittung f. 250 " - " -
3579 1502 4770 1638 Item Zalt ich dennen Acht vngeltern Ir
3605 1625 5496 1752 Wochen besoldtung f. 14 " - " -
3629 1794 4913 1914 Den .20. Dito betzalt ich dem Herrn Vitzthumb
3574 1902 5476 2028 den wochen bestandt des vngelts vt Quittung f. 250 " - " -
3594 2058 4837 2189 Item Zalt ich dennen Acht vnngeltern Ir
3641 2183 5372 2321 Wochen besoldtung f. 14. - " -
3643 2363 4846 2485 Den 27 Dito betzalt ich dem Herrn Vitz
3654 2475 5465 2613 thumb den wochen bestandt vt Quittung f. 250 " - " -
3607 2653 4826 2775 Item dennen Acht vngeltern betzalt ich
3605 2742 5471 2874 in Wochen besoldtung f. 14 " - " -
3643 2889 4793 3040 den 3 Septembris betzalt ich dem Hn
3624 3018 5490 3159 Vitzthumb den bestandt des vngelts f. 250 " - " -
3790 3235 4918 3455 Latus f. 1356. s. - d. - ./.
