6353 4715
2534 443 3074 615 f kr d
792 684 2400 860 Item zalte ich dem Nicola Koch burg
795 839 2348 970 Pixenmachern wegen besorgung des
811 958 2368 1075 gewöhrs in dem burger. Zeughauß seine
806 1058 2319 1190 bis Lezten 7b. auf ¾ Iahr Verfallene
746 1164 3101 1304 Bstallung ut 3. quittungen mit 225 " - " -
778 1375 2360 1538 Weiters zalte ich dem Iohann Schreiner
791 1527 2365 1637 Handlangern sein Von 25.ten Ianu.
776 1630 2388 1740 bis 31.ten 8b. 749. Wochent. per 1 f 30 kr
775 1739 2318 1864 gebührente besoldung auf 40. Wochen ut
769 1830 3075 1966 quittung mit 60 " - " -
787 2048 2365 2198 Gleichfalls zalte ich dem Martin dietl
786 2195 2360 2306 Kay. König. Pulver MagaZin diener am
796 2298 2358 2413 Neugebäu allwo auch Gmr Stadt Pulver
797 2409 2396 2512 eingelegt ist die ihme Monath gebührende
788 2510 2427 2632 1 f 30 kr bis Lezten Septem. 749. auf ¾ Iahr
775 2630 3141 2759 Lauth 3. quittungen 13 " 30 " -
2299 2749 3105 2939 298 f 30 kr
857 3011 2281 3204 Suma Vorstehender Aus
1401 3204 1699 3293 gaab
1048 3320 2048 3509 1074 f 34 kr - d.
3718 312 5054 752 Ausgab
3612 772 5275 974 Auf das Kriegs Spill und Burger
3923 954 4834 1075 Militarisch Exercitium
3638 1143 5168 1363 Dan bezalte ich denen Burger.
3663 1319 5168 1452 8. Trumelschlagern und 4. pfeiffern
3661 1432 5207 1563 ihre Von Michaeli 748. bis dito 749.
3664 1533 5199 1681 auf ain Iahr Verfallene bsoldung
3671 1634 6047 1801 inhalt 2. quittungen benent. mit 192 f - kr
3771 1983 4759 2256 Suma per Se
