6328 4709
3715 251 5135 808 Ausgab
5406 715 5975 817 f kr d.
3628 850 5232 1034 Auf St. Stephans Thurn und Uhr
3622 1155 5225 1317 Den 26.ten Febr. Anno 749. zalte
3652 1309 5180 1427 ich denen beeden Thurn Wachtern
3656 1427 5106 1549 auf St. Stephans Thurn die ihnen
3651 1540 5150 1658 zur ausbesserung ihrer Bether
3643 1658 5142 1776 Laut Beratschlagter Buchhalterey
3657 1770 5236 1908 Relation und Quittung alle 4. Iahr
3657 1902 6035 2064 Verwilligte gebühr mit 17 f - kr
3776 2456 4583 2711 Suma per Se.
