6328 4702
3681 267 5022 754 Ausgab
5377 609 6001 719 f kr d.
3654 760 5169 959 Auf Klaidung und Opffer geld
3583 1036 5245 1225 Den Lezten octob. Anno 749. zalte
3674 1202 5176 1337 ich dem Franz Ignati Lautter Ober
3642 1324 5209 1441 Camer Ambts RemanenZern das ihme
3646 1441 5177 1579 bis Lezten Septemb. auf ¾ Iahr ge
3631 1550 5209 1690 bührende Kleider geldt inhalt quitt.
3658 1638 6070 1781 mit 4 " 30 " -
3691 1893 5193 2081 Item bezalte ich dem Franz An
3656 2052 5232 2209 dreæ Seyfert und Martin Ioseph
3637 2196 5165 2338 Miller beeden Raths dienern das
3650 2298 5164 2441 ihnen bis 30. 7b. 749. auf ¾ Iahr
3620 2431 5171 2577 gebührente Kleider geldt ut quittung
3632 2533 5907 2689 mit 18 " - " -
4560 2665 6091 2847 Summa 22 f 30 kr
