6357 4715
2494 557 3121 718 f kr d.
759 722 2315 885 Ioseph Reinisch Gmr. Stadt Zimermai
767 875 2348 991 stern wegen bey Gmr Stadt PulVer
750 997 2347 1111 thurn am Neuen thor Anno 748. ge
762 1121 2392 1235 machter Reparation seinen Adiustir
767 1242 3093 1366 ten Auszügl zalt mit 13 " - " -
736 1439 2394 1609 Den 8.ten Iulii dem Frantz Sumerer
768 1612 2372 1731 Burger. Klampffer wegen dessen ar
774 1728 2343 1856 beith bezalt inhalt gefertigt und ad
771 1866 3137 2004 iustirten auszügl 3 " 30 " - "
760 2065 2368 2271 Den 19.ten dito zalte ich der Annæ
753 2264 2414 2394 Barbaræ Ametschlegerin burger. Hueff
772 2402 2341 2507 schmidtin wegen Anno 748. in das
760 2506 2329 2646 burger. Zeughauß und PulVer
788 2632 2421 2761 thurn Verfertigter Schmidt arbeith
769 2760 3145 2906 Lauth Adiustirten auszügl 5 " 30 " - "
765 2983 2403 3149 Item bezalte ich ihr Ametschlegerin
785 3155 2372 3272 wegen der Anno 749. in das zeug
772 3269 2357 3389 hauß Verfertigt unterschiedlicher
752 3395 2391 3535 Arbeith inhalt adiustirt und gefer
782 3518 3114 3692 tigten auszügl 60 " - " -
2335 3694 3140 3892 82 f - kr
5429 442 6086 530 f kr d
3618 665 5301 845 Den 7.ten Octob. zalte ich dem Ioh.
3650 821 5283 974 Frantz Stäzer Burg. Öhler noe deren Mayr
3642 930 5290 1077 gschwendtner. Erben wegen zu Gmr. Stadt
3640 1042 5275 1183 Zeughauß abgegebenen Inßlet Saiff und
3653 1159 5293 1305 Kertzen Laut Adiustirten und gefer
3664 1287 6091 1419 tigten Auszügl 3 " 24 " -
3686 1458 5267 1639 Ferers bringe ich per Ausgaab die we
3672 1602 5258 1741 gen Vorgenohmener auszüerung des
3655 1705 5230 1848 burger. Zeughauß zu bestreittung
3679 1819 5249 1968 deren hierzu erforderlich gewesten
3689 1925 5250 2086 unkosten dem Herrn Antonio Ospel
3695 2043 5242 2189 Kay. König. Stuckhaubtmann und
3683 2151 5264 2323 gemeiner Stadt Zeugwarth Vermög
3691 2284 5285 2440 dessen 2. berathschlagten anbringen
3683 2390 5348 2561 quittung wie auch adiustirten Verrech
3693 2508 5318 2665 nung über die bereits Anno 748. emp
3679 2615 5324 2778 fangene 400 f. annoch annoch zu be
3680 2733 5971 2892 zahlen geweste 282 " 10 "
3674 2913 5319 3108 Desgleichen zalte ich ihme Herrn Ospel
3686 3052 5279 3219 seine bis Lezten 7b. 749. auf ¾ Iahr
3657 3163 5967 3315 Verfallene besoldung inhalt 3. quittungen 300 " - " -
3674 3330 5338 3511 Dan den ihme Vor dis Iahr gebührenten
3705 3474 5343 3623 Muth traydt in gelt den mitteren Kauff
3708 3602 6123 3778 nach Vermög quittung mit 31 " 30 " -
5236 3772 6167 3934 617 f 4 kr
