6347 4710
2522 575 3096 690 f kr d.
812 672 2361 842 Löbl. Stadt Rath Laut beratschlagt an
816 849 2336 958 bringen und darauf gestelter
813 945 3112 1080 quittung angeschaffte 30 " - " -
779 1168 2314 1324 Den 19.ten Iunii zalte ich dem
797 1322 2299 1432 Herrn Andreæ Caietan Obinger
797 1432 2334 1538 Pupillen Raitt Camer Accessisten
814 1539 2277 1649 die ihme zu dessen Hochzeitlichen
817 1644 2274 1757 Ehrentag inhalt beratschlagten an
853 1753 3117 1901 bringen und quittung angeschaffte 30 " - " -
794 1980 2317 2155 Den 30.ten dito zalte ich dem
827 2158 2337 2290 Herrn Stephan Mack Hoff Medico
810 2288 2376 2407 wegen eines Einem Löbl. Stadtrath
814 2412 2321 2524 überreicht Von ihme in truckh her
798 2518 2383 2646 aus gegebenen Medicinischen Buchs
807 2653 2301 2768 die ihme hierumben angeschaffte
803 2767 2358 2881 6. Cremitzer duggaten Laut Be
799 2879 2368 3011 ratschlagt anbringen und quit
798 2996 3172 3134 tung 25 " 12 " - "
803 3213 2336 3409 Den Lezten Septem. zalte ich
803 3405 2369 3525 denen 3. Scar diener provisonern
806 3523 2308 3689 Andreæ Reitter Philip durst und
2250 3673 3148 3914 85 f 12 kr
5409 594 5978 708 f kr d.
3655 678 5238 843 Iohann Mathia Engl das ihnen
3606 817 5246 957 bis Lezten Septem. 749 auf ¾ Iahr
3634 959 5189 1083 gebührente Neue Iahr ut quittung
3655 1064 6115 1193 mit 27 " - " -
3668 1256 5202 1501 Ferers bezalte ich Herrn Ioseph
3635 1451 5173 1623 Ferdinand Riedl I. u. Dri. gemr.
3645 1563 5216 1746 Stadt Syndico primario und Stadt
3657 1694 5240 1866 schreibern wegen abwarthung deren
3630 1808 5243 1962 extra Vornehmenden Pupillar Com
3667 1939 5202 2068 missionen sein bis Lezten Sept.
3676 2055 5253 2235 auf ¾ Iahr Verfallene Remuneration
3685 2177 6078 2317 ut 3. quittungen mit 150 " - " -
3614 2415 5241 2633 Dan zalte ich dem Herrn Iohan
3655 2598 5254 2749 Iacob Lienhardt des Inneren Raths
3678 2723 5246 2871 wegen abwarthung deren Pupilar
3688 2846 5265 3014 Comissionen seinen Remunerations
3675 2971 5233 3149 Betrag Von 7. Octob. 748. bis lezten
3667 3099 5207 3281 Septem. 749. per Iähr. 150 f. Laut
3679 3207 6054 3408 2. quittungen mit 147 " 5 " -
3694 3453 5186 3647 Item zalte ich dem Herrn
3691 3617 5164 3841 Severin Zacharia Hueber des
5197 3696 6184 3930 324 f 5 " -
