<?xml version="1.0" encoding="UTF-8" standalone="yes"?>
<PcGts xmlns="http://schema.primaresearch.org/PAGE/gts/pagecontent/2013-07-15">
    <Metadata>
        <Creator>prov=READ-COOP:name=PyLaia@TranskribusPlatform:version=2.25.0:model_id=314193:lm=provided:date=31_03_2025_19:02</Creator>
        <Created>2025-03-31T16:21:49.081+02:00</Created>
        <LastChange>2026-01-15T11:52:07.893+01:00</LastChange>
        <TranskribusMetadata docId="7714156" pageId="94275124" pageNr="11" status="IN_PROGRESS" userId="261754" imgUrl="https://files.transkribus.eu/Get?fileType=view&amp;id=CPCAVZIAKMGJAJDNMSGSUXCU" imageId="78884644"/>
    </Metadata>
    <Page imageFilename="94275124.tif" imageWidth="5436" imageHeight="4041">
        <ReadingOrder>
            <OrderedGroup id="ro_1743582665471" caption="Regions reading order">
                <RegionRefIndexed index="0" regionRef="region_154364041"/>
                <RegionRefIndexed index="1" regionRef="region_254364041"/>
            </OrderedGroup>
        </ReadingOrder>
        <TextRegion id="region_154364041" custom="readingOrder {index:0;}">
            <Coords points="0,0 2718,0 2718,4041 0,4041"/>
            <TextEquiv>
                <Unicode></Unicode>
            </TextEquiv>
        </TextRegion>
        <TextRegion id="region_254364041" custom="readingOrder {index:1;}">
            <Coords points="2718,0 5436,0 5436,4041 2718,4041"/>
            <TextLine id="tl_1743432343" custom="readingOrder {index:0;} headline {offset:0; length:21; continued:true;}">
                <Coords points="3243,314 3239,479 3246,591 3284,657 3294,767 3303,792 3347,834 3375,848 3426,860 3511,864 3989,864 4271,850 4697,840 4771,811 4779,791 4780,510 4773,484 4720,459 4687,453 4588,455 4541,471 4427,491 4360,476 4341,464 4327,441 4291,420 4281,337 4272,310 4248,289 4215,276 4139,265 4019,282 3926,307 3872,303 3762,260 3467,259 3318,278"/>
                <Baseline points="3239,712 4780,712"/>
                <TextEquiv>
                    <Unicode>Empfang aus</Unicode>
                </TextEquiv>
            </TextLine>
            <TextLine id="tl_1743432349" custom="readingOrder {index:1;} headline {offset:0; length:21; continued:true;}">
                <Coords points="3720,832 4607,832 4607,1125 3720,1125"/>
                <Baseline points="3720,1051 4607,1051"/>
                <TextEquiv>
                    <Unicode>der Steur</Unicode>
                </TextEquiv>
            </TextLine>
            <TextLine id="tl_1743432347" custom="readingOrder {index:2;}">
                <Coords points="3407,1258 3409,1289 3415,1307 3429,1320 3449,1358 3469,1367 3659,1360 3807,1348 3971,1350 4127,1345 4361,1353 4445,1346 4613,1344 4634,1340 4641,1334 4641,1278 4635,1267 4579,1255 4481,1242 4317,1248 4139,1248 3996,1236 3917,1217 3869,1217 3814,1229 3784,1240 3733,1246 3561,1216 3509,1214 3454,1219 3426,1227 3411,1238"/>
                <Baseline points="3407,1328 4641,1328"/>
                <TextEquiv>
                    <Unicode>Erstlichen Den Letsten tag Ianuarii</Unicode>
                </TextEquiv>
            </TextLine>
            <TextLine id="tl_1743432344" custom="readingOrder {index:3;}">
                <Coords points="3480,1409 3481,1445 3493,1458 3525,1468 3584,1475 3633,1473 3678,1465 3704,1454 3773,1444 3876,1449 4011,1470 4059,1466 4127,1449 4181,1445 4384,1449 4540,1461 4662,1458 4676,1454 4694,1448 4694,1379 4679,1370 4633,1356 4561,1352 4442,1351 4327,1361 4089,1353 3772,1352 3528,1372 3491,1382 3484,1390"/>
                <Baseline points="3480,1444 4682,1444"/>
                <TextEquiv>
                    <Unicode>diß Fünfvnndachtzigisten Iahrs Empfieng</Unicode>
                </TextEquiv>
            </TextLine>
            <TextLine id="tl_1743432355" custom="readingOrder {index:4;}">
                <Coords points="3467,1498 3471,1552 3482,1559 3504,1561 3695,1554 3874,1556 4004,1548 4068,1548 4191,1556 4264,1556 4378,1566 4536,1567 4611,1566 4626,1561 4631,1551 4631,1497 4624,1485 4577,1472 4491,1463 4186,1459 4114,1465 4031,1480 3970,1481 3902,1475 3827,1462 3733,1459 3689,1464 3662,1473 3612,1482 3484,1476 3472,1483"/>
                <Baseline points="3467,1540 4631,1540"/>
                <TextEquiv>
                    <Unicode>Ich von denen gemainer Statt Wienn</Unicode>
                </TextEquiv>
            </TextLine>
            <TextLine id="tl_1743432357" custom="readingOrder {index:5;}">
                <Coords points="3476,1664 3481,1672 3498,1677 3614,1678 3714,1673 3840,1682 3959,1663 4085,1659 4174,1669 4221,1670 4318,1664 4470,1679 4562,1680 4659,1671 4667,1664 4668,1607 4665,1593 4650,1586 4596,1579 4471,1578 4221,1563 3998,1558 3801,1580 3528,1577 3487,1583 3478,1589"/>
                <Baseline points="3476,1651 4668,1651"/>
                <TextEquiv>
                    <Unicode>verorndten herrn Steurhanndlern gegen</Unicode>
                </TextEquiv>
            </TextLine>
            <TextLine id="tl_1743432346" custom="readingOrder {index:6;}">
                <Coords points="4661,1691 4658,1684 4633,1677 4502,1676 4334,1667 4001,1668 3934,1674 3879,1688 3840,1693 3696,1690 3578,1694 3539,1688 3494,1688 3480,1693 3474,1702 3473,1763 3478,1782 3521,1792 3648,1792 3800,1779 3920,1776 4088,1756 4271,1760 4456,1778 4642,1777 4658,1772 4661,1767"/>
                <Baseline points="3473,1760 4661,1760"/>
                <TextEquiv>
                    <Unicode>schrifftlichen beuelch vnnd meiner quitt</Unicode>
                </TextEquiv>
            </TextLine>
            <TextLine id="tl_1743432345" custom="readingOrder {index:7;}">
                <Coords points="3476,1768 4578,1768 4578,1913 3476,1913"/>
                <Baseline points="3476,1876 4578,1876"/>
                <TextEquiv>
                    <Unicode>ung Dreyhundert Phundt Pfening ./.</Unicode>
                </TextEquiv>
            </TextLine>
            <TextLine id="tl_1743432348" custom="readingOrder {index:8;}">
                <Coords points="4118,2042 4119,2092 4123,2105 4135,2114 4172,2120 4708,2120 5071,2107 5188,2108 5205,2098 5245,2090 5244,2006 5202,1994 5191,1990 4862,1984 4645,1960 4444,1950 4298,1932 4202,1932 4163,1942 4156,1947 4147,1968 4126,1989"/>
                <Baseline points="4118,2073 5207,2073"/>
                <TextEquiv>
                    <Unicode>Idest f. 300. s - d -</Unicode>
                </TextEquiv>
            </TextLine>
            <TextLine id="tl_1743432350" custom="readingOrder {index:9;}">
                <Coords points="3351,2163 3353,2303 3371,2324 3419,2342 3461,2346 3752,2345 3828,2332 3900,2330 4060,2349 4213,2341 4297,2353 4393,2354 4505,2340 4618,2338 4631,2335 4665,2339 4662,2252 4588,2229 4187,2216 4105,2220 4023,2233 3991,2233 3925,2226 3796,2202 3775,2203 3699,2221 3649,2221 3549,2191 3526,2175 3499,2166 3470,2142 3431,2133 3368,2133 3355,2142"/>
                <Baseline points="3351,2298 4639,2298"/>
                <TextEquiv>
                    <Unicode>Den Sechtzehenndten tag Februarii Empfieng</Unicode>
                </TextEquiv>
            </TextLine>
            <TextLine id="tl_1743432354" custom="readingOrder {index:10;}">
                <Coords points="3461,2368 3461,2423 3465,2431 3480,2437 3673,2430 3945,2431 4096,2438 4250,2437 4369,2443 4473,2433 4609,2427 4627,2420 4627,2369 4622,2362 4579,2354 4473,2351 4400,2363 4340,2366 4236,2351 4102,2354 3853,2337 3804,2343 3772,2354 3729,2359 3652,2344 3518,2339 3476,2346 3465,2356"/>
                <Baseline points="3461,2415 4627,2415"/>
                <TextEquiv>
                    <Unicode>Ich Abermallen von denen herrn Steur</Unicode>
                </TextEquiv>
            </TextLine>
            <TextLine id="tl_1743432351" custom="readingOrder {index:11;}">
                <Coords points="4666,2457 4659,2450 4644,2447 4538,2441 4461,2441 4350,2449 4110,2444 3958,2454 3583,2442 3518,2450 3466,2466 3460,2486 3461,2527 3470,2539 3518,2546 3655,2530 3915,2534 4038,2521 4179,2524 4357,2538 4633,2532 4657,2529 4666,2522"/>
                <Baseline points="3460,2519 4666,2519"/>
                <TextEquiv>
                    <Unicode>hanndlern gegen schrifftlichen Beuelch</Unicode>
                </TextEquiv>
            </TextLine>
            <TextLine id="tl_1743432356" custom="readingOrder {index:12;}">
                <Coords points="3467,2570 3467,2622 3473,2632 3566,2642 3902,2656 4422,2657 4579,2649 4621,2641 4631,2628 4630,2554 4620,2548 4361,2540 4160,2530 4009,2529 3905,2540 3816,2544 3702,2557 3498,2557 3475,2561"/>
                <Baseline points="3467,2625 4631,2625"/>
                <TextEquiv>
                    <Unicode>Vnnd meiner Quittung Vierhundert</Unicode>
                </TextEquiv>
            </TextLine>
            <TextLine id="tl_1743432358" custom="readingOrder {index:13;}">
                <Coords points="3473,2632 3886,2632 3886,2766 3473,2766"/>
                <Baseline points="3473,2731 3886,2731"/>
                <TextEquiv>
                    <Unicode>gulden Reinisch</Unicode>
                </TextEquiv>
            </TextLine>
            <TextLine id="tl_1743432353" custom="readingOrder {index:14;}">
                <Coords points="4157,2928 4162,2936 4199,2939 4609,2939 4653,2936 4713,2925 4993,2908 5190,2906 5198,2903 5207,2889 5207,2797 5201,2790 5189,2786 4953,2795 4882,2802 4811,2802 4670,2787 4541,2783 4464,2770 4441,2756 4423,2751 4407,2737 4365,2722 4291,2715 4249,2717 4211,2724 4198,2730 4165,2787 4161,2806 4163,2892"/>
                <Baseline points="4157,2883 5207,2883"/>
                <TextEquiv>
                    <Unicode>Idest f. 400. s - d -</Unicode>
                </TextEquiv>
            </TextLine>
            <TextLine id="tl_1743432352" custom="readingOrder {index:15;}">
                <Coords points="3345,3092 3345,3162 3353,3189 3407,3219 3458,3226 3759,3238 4089,3268 4287,3269 4323,3265 4369,3251 4417,3243 4551,3249 4619,3247 4669,3228 4677,3220 4681,3196 4681,3045 4676,3034 4647,3027 4601,3026 4426,3038 4226,3035 4037,3055 3984,3053 3939,3046 3877,3028 3808,2987 3763,2968 3643,2965 3603,2968 3473,3014 3401,3033 3380,3053 3354,3068"/>
                <Baseline points="3345,3193 4681,3193"/>
                <TextEquiv>
                    <Unicode>Latus 700. f - s - d.</Unicode>
                </TextEquiv>
            </TextLine>
            <TextEquiv>
                <Unicode></Unicode>
            </TextEquiv>
        </TextRegion>
    </Page>
</PcGts>
