5410 3945
1364 394 2621 542 gelassner Zwayer Heüsl im Naglergäß
1354 534 2606 660 Ausstenndigen Steur Sibenhundert Ain
1358 632 2628 766 gulden vier schilling Zehen Phening Weill
1348 740 2588 877 dann solliche Suma in verkhauffung der
1369 851 2589 986 Heüser An haubt suma vnnd hauß Zinß von
1357 961 2673 1090 denen Inleüthen in das Ober Chamerer Ambt
1343 1087 2645 1208 genumen derhalben gab Ich an heüt dato
1356 1189 2596 1310 widerumben in die Steur Lautt Irer der
1328 1297 2614 1436 herrn Steurhanndler Quittung so bei
1399 1400 2161 1548 der Ausgab Ligent ist
2064 1484 2998 1666 Idest f. 701 s. 4. d.
1219 1789 2610 2003 Mer den dreyvnndZwaintzigisten diß Mon
1382 1992 2652 2112 ats decembris Empfienng Ich Ebenmessig
1379 2092 2673 2221 von gemainer Statt verorndten herrn Steur
1352 2205 2592 2332 hanndlern Zu Abtzallung herrn Lorenntz
1357 2315 2654 2437 Schännckherl Zwaytausent Ainhundert drey
1380 2429 2663 2581 vnndneintzig Phundt fünff schilling Phening
2238 2605 2954 2783 Idest f. 2193. s. 5.
1273 2786 2604 3024 Den Lesten dito Emphienng Ich gleichfalls
1337 3112 2530 3431 Latus 2895. f. 1. s 10. d.
3419 272 4660 435 Von gedachten herrn Steurhanndlern Be
3433 432 4662 539 nenntlichen drey Tausent Phundt Phening
3463 523 4644 675 gegen schrifftlich Beuelch vnnd Quittung
4177 687 5206 858 Idest f. 3000. s - d -
3326 931 4590 1113 Eodem die Empfienng Ich widerumben von
3438 1094 4595 1208 denen verornndten herrn Steürhanndlern
3436 1201 4623 1303 gegen geschäfftl vbernomenen gellt Vier
3431 1285 4531 1428 hundert vnnd Zwelf Phundt Phening ./.
3468 1397 4385 1520 vier schiling Pfening ./.
4036 1455 5166 1654 Idest f. 412. s. 4. d -
3357 1725 4687 1851 Ebemessig Ietztbemellten Lessten decembris
3415 1847 4614 1968 Empfienng Ich gleichsfals von gemainer
3440 1940 4632 2065 Stat verornndten herrn Steurhanndtlern
3414 2048 4715 2182 gegen meiner quittung vnnd schrifftlichen
3424 2164 4601 2294 Beuelch Aintausent dreyhundert vnnd
3444 2266 4336 2416 Zwaintzig gulden Reinisch ./.
3999 2393 5148 2565 Idest f. 1320. s - d -
3323 2516 4572 2737 Den 12 Augustii Empfieng ich von
3422 2708 4570 2822 denen herrn Steuerhandlern gegen
3402 2802 4647 2939 Gschäfftl vnnd Quittung ain hundert
3517 3101 4593 3292 Latus 4732 f. 4 s. d.
