5383 3598
936 496 1944 659 Auf die weichnacht clainat
895 651 2135 799 hern Wolfganngen Rieder Burgermaister
910 790 2058 885 fur sein weichnacht Clainat dits gegen
925 884 2020 998 werttigen xv C Iars xxx vngr fl
939 969 2537 1099 i per xi s ꞩ xli γ Lx d
899 1173 2018 1291 hern larenntzen hyttendorffer Stat
924 1278 2077 1374 richter fur sein weichnacht clainat das
909 1345 2439 1480 gegenwertigen xv C Iars vt q xv γ d
912 1541 1986 1649 aus beuelich Burgermaister vnd Rate
944 1648 2036 1740 hab ich aus gericht vnnd geben herrn Io
939 1731 2036 1830 hann waldner Ro Kn Mt etc Canntzler
934 1817 2044 1923 fur sein weichnacht clainat des xv C
927 1925 2099 2013 Iars der iii Marckh gemachts vnnd ver
933 2011 2072 2107 gults Silber so man im Ierlich von ge
939 2103 2063 2199 mainer Stat wegen phligt Zugeben
941 2193 2147 2290 dafur geben vi Marckh vngemachts silber
962 2284 2098 2380 die ich von wolfganngen Zawnner ainer
961 2373 2131 2505 des Rats kaufft hab ain Marckh per viii γ
984 2473 2583 2598 v s d ꞩ Li γ vi s d
1034 2698 1895 2918 Latus i C viii γ d
3255 482 4338 610 Zinns vnd diennst den maistern
3306 587 3683 678 vnnd herrnn
3276 719 4432 848 hern Michelnn lewtgeben Capplan der
3282 838 4443 946 Meß so her wolfganng payr pfarrer Zu
3280 922 4387 1030 hamburg auf sannd Kathrein Alltar
3278 1019 4424 1137 daselbs gestifft der Iargullt so Er Zu
3278 1125 4440 1223 hannden derselben Mess auf der Stat
3287 1205 4417 1319 kauft hat Zu den vier Quottembern
3282 1285 4868 1445 dits gegenwerttigen xv C Iars vt q xvi γ d
3229 1714 4370 1860 Den Leuiten Zu sannd steffan von
3297 1846 4436 1966 frawen Dorotheen Furbringerin Meß
3296 1942 4360 2049 viii γ d Auch von vnnser liebenn
3292 2042 4402 2165 frauwenn Ambt Zu dienn ii γ d des
3307 2123 4834 2252 xv C Iars vt q x γ d
3380 2441 4139 2707 Latus xxvi γ d
