5448 3694
1066 526 1742 686 Auf den ScharLach
1214 702 1544 911 Katherine
915 932 2112 1097 an Monntag nach sannd Kathrein tag
905 1081 2148 1187 v rg hab ich kaufft von Georgen kueffer
908 1182 2119 1297 von Potenburg kaufman ain Rots pern
907 1253 2505 1411 isch tuech von Lxx genugen per xxxv γ d
876 1434 2092 1545 vmb vier ellen plaichte lembat Zu dem
894 1535 1943 1648 Scharlach einzupinten i Ellen per
936 1636 2526 1765 xxviii ꞩ iii s xxii d
919 1801 2170 1912 vmb Zween weiss Augspurger parchant
924 1901 2032 2003 kaufft von des platner dienner von
918 1996 2062 2092 Brawnnaw darumben die man vnd
920 2067 2462 2244 frawenn geloffenn sind i per xii s ꞩ iii γ d
866 2212 2073 2369 Dem haws knecht im Rathaws der die
912 2357 2376 2488 Saw hinaus getragenn hat xiiii d
1103 2714 2161 2877 Latus xxxviii γ iiii s vi d
969 2911 2040 3028 Suma des vorgenannten Ausgeben
987 3011 2106 3159 auf die Zwen Scharlach ꞩ Lxxvi γ
1582 3123 2031 3250 iiii s xii d
3276 422 4451 583 Hewanndt vnd Kursn hut gehozt
3305 575 4402 693 in die hanndlung des vnnder Camer
3322 679 3514 760 ambts
3290 1270 4392 1410 Ausgeben zu machen die Lidrem
3333 1386 3516 1467 f er
3279 1672 4511 1867 Maister Caspar Mullner der schuester
3329 1851 4375 1961 hat gemacht Zu Gemainer Stat
3329 1944 4422 2087 Lxxiiii Lidrem Emer i Emer per
3362 2036 5079 2184 iii s xx ꞩ xxxiii γ vii s
4801 2188 4963 2291 x d
3490 2451 4448 2687 Latus xxxiii γ vii s x d
