5369 3607
877 456 2054 601 Maister Anndre Grannitz Or genist
922 596 2051 696 Zu sannd Steffan Capplan der Mess
923 685 2093 789 so Michel Stadl der Fleischacker saliger
920 786 2087 891 gestifft hat Zu sannd Colman auf dem
922 879 1997 980 Gotsacker vor kerner Tor auch Zu
927 975 2047 1082 sannd Ieronimus seiner gult auf der
895 1060 2426 1202 Stat gekaufft des xv C Iars vt q vii γ d
947 1256 2094 1374 Maister Casparnn Fridburger von Rosen
941 1363 2017 1462 berg Capplan der Mess so herr Michel
934 1454 1994 1554 harrasser auch Zu sannd Ieronimus
938 1552 1997 1647 auf vnnser lieben frawen Alltar hie
930 1640 2111 1746 gestifft hat seiner gullt auf der Stat
935 1732 2036 1850 gekaufft xxviii vngr fl i per x s
950 1826 2516 1959 xx d des xv c Iars vt iiii q in gelt ꞩ xxxvii γ
2194 1943 2484 2018 Lxxx d
946 1983 2026 2118 hern Mertten pharrer Mullner Zu
921 2115 2148 2220 Strannsdorff Capplan hn Absolan Vntz
948 2211 2113 2313 niger Mess Zu den himlparten sein Iar
948 2302 2043 2411 gult auf die iii γ d so der Stat fur
911 2389 2084 2502 Stewr von derselben Mess haws in der
949 2490 2063 2596 weichenpurckh gelegen Zuraichen ge
966 2581 2078 2688 buren ausgericht des xv C Iars vt
964 2627 2424 2755 iiii q v γ d
1148 2833 2025 3038 Latus xlviiii γ Lxxx d
3301 479 4416 590 hrn Merten Mullner Pharrer Zu
3305 587 4463 699 Strannstorff Caplan der Mess so frau
3327 687 4400 777 Anna Oten Metzer wittib salige auf
3331 773 4476 885 aller Seelnn Alltar Zu sannd steffan
3323 877 4506 987 gestifft hat seiner gullt auf der Stat
3325 950 4946 1102 gekaufft des xv C Iars vt iiii q ꞩ xv γ d
3326 1409 4467 1572 Hn liennharten wulffing Thumb
3335 1565 4426 1659 herr vnnd Official Zu wienn Caplan
3344 1657 4437 1767 der Mess so Iacob Suess vnnd Lienn
3340 1756 4486 1868 hart sein Sun auf aller Seelen Altar
3344 1857 4459 1963 in benannter sannd steffans kirchen
3334 1956 4427 2063 gestifft habenn an seiner Iar gullt
3360 2047 4416 2175 auf der Stat gekhaufft des xv C
3349 2139 5011 2269 Iars vt iiii q xlvii γ xliiii d
3581 2473 4374 2712 Latus Lxii γ xliiii d
