5378 3617
892 483 2049 621 Maister Rueprecht Hedl von Nicolspurg
909 619 1994 716 pransor der gestifften Studennten
915 699 2086 808 Zu der Rotten Rosen in des wagendrussl
910 799 2017 907 haws bey den predigernn Irer gult so
919 900 2108 1003 man in von Gemainer Stat phlichtig
916 973 2495 1127 ist Zugebenn des xv C Iars vt iiii q Liiii γ d
883 1367 2021 1494 Doctor hannsen Cusp   an in dem
937 1493 2101 1599 Collegium auf sannd steffans freithof
934 1595 2064 1690 hab ich aus gericht vnnd betzallt seinen
896 1680 2061 1782 Solde von der Lectur phligt Zugeben
935 1777 1998 1887 von gemainer Stat des xv C Iars
946 1825 2534 2002 vt iiii q ꞩ xlviii γ d
1040 2102 1788 2499 Latus i c ii γ d
3232 422 4462 572 Der maistern vnnd Tonnennt des Fraun
3263 569 4396 670 Closster Zu sannd Iacob auf der hulben
3248 665 4401 765 hie der hundert vnnd Zehenn vngr fl
3259 757 4424 858 i per x s xx d Iargullt so in bey Zeiten
3245 850 4399 955 herrnn hannsen Steger Burgermaister
3251 948 4446 1042 vnnd dem Rat dieselb Zeit auf der Stat
3247 1033 4454 1144 verkaufft sein laut der verschreibung
3264 1133 4438 1236 so sy darumb habenn aufgericht vnnd
3279 1219 5008 1369 betzallt des xv C Iars vt iiii q ꞩ i c xlvi γ v s
4805 1337 4970 1428 x d
3264 1574 4461 1714 Maister Casparnn puchler Caplan
3270 1704 4467 1803 der Mess so Michel Stadl der Fleischacker
3273 1794 4417 1907 saliger gestifft hat Zu sannd Colman
3266 1892 4414 1991 auf dem Gotsacker vor kernner Tor
3269 1988 4417 2096 auch Zu sannd Ieronimus seiner gult
3271 2078 4334 2222 auf der Stat gekaufft des xv C
3270 2157 4814 2283 Iars vt q  vii γ d
3435 2497 4315 2751 Latus i c Lvii γ v s x d
