5352 3610
864 470 2008 620 hn Thoman Pewrl Carmaister aller
888 609 2049 712 heiligenn thumb kirchen Zu sannd steffan
888 705 1982 814 hie Capplan der Mess So fraw Mar
869 812 1973 906 greth Syman Abels von Osenn aus
853 903 1955 1016 Sibenburgen hausfrauen Zu sannd
872 1004 1954 1097 Ieronimus hie auf Gotsleichnam
873 1093 2022 1197 Alltar gestifft hat seiner gullt auf
871 1184 1994 1297 der Stat gekaufft xxxii vnngr fl
898 1289 1999 1394 i per x s xx d des xv Iars Innhalt
905 1360 2584 1509 iiii q  Ingellt ꞩ xlii γ v s x d
884 1721 1964 1862 hn Iohanns lewtgeb Capplan der
902 1861 1980 1948 Mess so weilennd Armollt hawbner
905 1948 1990 2043 von Ach auf aller Seelenn Alltar Zu
912 2044 1980 2152 sannd steffan gestifft hat seiner
900 2136 1979 2254 Gullt auf der Stat gekaufft des
914 2195 2425 2346 xv C Iars vt iii q ꞩ xv γ d
1033 2484 1860 2756 Latus Lvii γ v s x d
3288 463 4413 589 hn Augusten Meingasst Capplan der
3301 584 4446 670 Mess so weilennt Arnolt hawbner von
3287 666 4416 772 Ach auf aller Sellen Altar Zu sannd
3264 760 4343 881 Steffan gestifft hat seiner gullt
3303 858 4333 988 auf der Stat gekaufft des xv C
3305 922 4776 1082 Iars vt q v γ d
3298 1146 4436 1327 hern paulln Termer Capplan Iacoben
3279 1313 4460 1429 Stra ffing des Zingiesser Meh Zu sand
3320 1411 4428 1523 steffann gestifft an seiner Iargullt
3300 1512 4435 1617 der xlii vnngr fl nach ausweisung
3295 1607 4527 1730 brieflicher vrkund auf der Stat kauft
3321 1696 4861 1825 des xv C Iars vt iiii q ꞩ Lii γ d
3285 1953 4430 2145 Dem Canntor Zu sannd steffan
3316 2134 4367 2228 von vnnser liebenn frawenn Ambt
3315 2220 4431 2326 Zu singenn Vlrichenn Metzlein
3327 2314 4395 2449 storffer stifftung des xv C Iars vt
3337 2417 4814 2542 iiii q ꞩ vi γ d
3523 2638 4151 2864 Latus Lxiii γ d
