5140 4301
707 714 2149 875 Den 6.ten dito zalte Ich Herrn Iohann
790 883 2126 970 Ernst Von Iamagne pfarrern
795 964 2148 1063 zu alter Pölla Von der Bruderschafft
766 1068 2132 1156 Iesu Mariæ und Ioseph alda
801 1155 2137 1246 bey Gmr. Statt anligenten 700 f
810 1244 2151 1339 Cap. das den 6.ten Febru. zu 4 ½ per
810 1345 2121 1426 Cento auf ain Iahr Verfallene
794 1424 2103 1520 Intee. mit Ain und dreyßig
796 1519 2196 1615 Gulden 4 s. Laut Quittung
830 1488 2511 1692 Hiebey Idest 31 f. 4 s -
711 1798 2195 1945 Dito zalte Ich Herrn Simon Likhowiz
801 1934 2183 2038 Von seinen anligenten 1300 f Cap.
844 2025 2165 2127 das an heünt Verfallene Iahrs
840 2113 2176 2214 Intee. mit Fünf und Sechzig
825 2204 2149 2335 Gulden Gegen Quittung
839 2200 2530 2411 Hiebey Idest 65 f - " -
747 2515 2195 2647 Den 7.ten dito zalte Ich denen Barm
834 2651 2127 2744 herzigen Brüdern Von ihren
853 2734 2144 2830 anligenten 600 f. Cap. das an
848 2824 2169 2915 Heünt Verfallene Iahrs Intee.
849 2915 2233 3015 mit Dreysig Gulden Inhalt
835 2929 2536 3114 Quittung Hiebey Idest 30 f - "
774 3208 2185 3362 Den 8.ten dito zalte Ich Herrn Geörg
864 3360 2187 3461 Heinrich Lamprecht Chormaister
862 3453 2199 3544 bey St. Stephan Von denen anli
887 3602 2231 3824 Latus 126 f. 4 s. - "
2944 653 4262 783 gent und zum beneficio bey
2959 775 4249 870 unßern Herrn gehörig 400
2961 860 4230 955 170. 470. 214. 300. und wide
2960 933 4283 1032 rumb 300 f. Zusamben 1854 f
2959 1022 4295 1129 Capitalien die an heünt auf ain
2955 1112 4269 1209 Iahr Verfallene Intee. per Zwey
2953 1193 4267 1299 und Neünzig Gulden 5 s. 18 d.
2964 1207 4871 1402 Vermög Quittung Hiebey Idest 92 f 5 s. 18 d.
2840 1494 4309 1650 Auch zalte Ich Ihme Von anligenten
2968 1625 4279 1739 200 f. Cap. das an heünt Verfal
2954 1704 4288 1812 lene Iahrs Intee. mit Zehen
2973 1793 4296 1912 Gulden Crafft Quittung Hie
2966 1825 4841 1988 bey Idest 10 f - " - "
2862 2086 4312 2236 Dito zalte Ich Frauen Mariæ Sophiæ
2947 2226 4281 2326 Von Stimßberg Von denen
2989 2310 4282 2419 anligenten Schuesterischen 5000 f
2980 2408 4278 2505 Can das an heünt Verfallene
2975 2497 4259 2602 halb Iährige Intee. mit Ain
2973 2580 4296 2700 Hundert Fünf und Zweinzig
2968 2694 4260 2794 Gulden Laut Quittung
2975 2718 4862 2893 Hiebey Idest 125 f - " - "
2899 2991 4292 3130 Den 9.ten dito zalte Ich dem Philipp
2959 3120 4312 3218 Ioseph Goller Von seinen anligen
2952 3209 4306 3305 ten 200 f Cap. das an Heünt
2963 3308 4326 3418 Verfallene Iahrs Intee. mit
2835 3475 4403 3727 Latus 227 f. 5 s. 18 d.
