5161 4313
741 685 2178 844 Den 23.ten dito zalte Ich Ihro Gna
804 852 2121 941 den Herrn Ferdinand Probsten
824 954 2143 1033 ad S. Dorotheum wegen Herrn
821 1036 2116 1132 Martini pfarrers zu tüffer
802 1132 2146 1229 seel. Stüfftung die zu Liecht
800 1223 2169 1320 messen auf 1 Iahr Verfallene
822 1317 2182 1419 Sechzig Gulden ut Quit
825 1323 2512 1510 tung Hiebey Idest 60 f - "
703 1625 2203 1777 Auch zalte Ich der Mariæ Elisabethæ
829 1779 2186 1883 Schaffnizlin die Ihr zue Heyrath
832 1868 2174 1966 steyer angeschaffte Zehen Gul
814 1968 2180 2061 den Inhalt berathschlagten an
903 2040 2204 2149 bringen und darauf gestelten
819 2077 2542 2264 Quittung Hiebey Idest 10 f - "
733 2388 2192 2541 Den 22.ten dito zalte Ich dem Wohl
833 2547 2136 2634 ehrwirdtigen Iungfrauen
844 2638 2166 2741 Closter bey St. Lorenz Von ihren
851 2734 2214 2837 anligenten 1200 f. Cap. das an
830 2838 2218 2939 Heünt Verfallene Iahrs Intee.
851 2942 2188 3048 mit Sechzig Gulden Laut
842 2962 2553 3183 Quittung Hiebey Idest 60 f - "
755 3284 2212 3444 Auch zalte Ich der Mariæ Barbaræ
836 3445 2221 3549 Winckhlerin Von ihren anli
842 3634 2071 3865 Latus 130 f - "
2936 631 4292 795 genten 400 f. Cap. das an heünt
2951 776 4292 886 Verfallene Iahrs Intee. mit
2968 873 4299 996 Zwainzig Gulden Crafft Quit
2959 922 4811 1088 tung Hiebey Idest 20 f - "
2886 1196 4296 1340 Den Ersten Martii zalte Ich den
2981 1319 4303 1428 nen P. P. Seuiten Zu Feidendorf
2970 1415 4275 1521 Von ihren anligenten Sallaischen
2967 1502 4307 1613 9000 f. Cap. das an heünt Verfal
2969 1593 4297 1697 lene halb Iährige Intee. mit
2980 1671 4291 1779 Zwey Hundert Fünf und Zwein
2979 1765 4281 1876 zig Gulden Inhalt Quittung
2991 1816 4821 1953 Hiebey Idest 225 f  - "
2895 2046 4263 2191 Dito zalte Ich der Löbl. burgerlichen
2984 2175 4300 2279 Bruderschafft Vnßer lieben Frauen
2983 2264 4324 2372 Verkhindtigung im Profeßhauß
2980 2355 4300 2456 Von ihren anligenten 2000 f Cap.
2985 2450 4289 2551 das an gestern Verfallene Iahrs
2978 2542 4303 2644 Intee. mit Ain Hundert Gul
2991 2593 4776 2755 den ut Quitt. hiebey Idest 100 f - "
2863 2841 4295 3000 Auch Zalte Ich der Vrsulæ tobrin
2991 2972 4327 3094 Von ihren anligenten 300 f
3009 3079 4339 3192 Capital das an heünt Verfal
3002 3185 4311 3286 lene Iahrs Intee. mit Funf
2999 3284 4361 3389 Zehen Gulden Crafft Quit
3015 3340 4807 3473 tung Hiebey Idest 15 f - "
2923 3565 4261 3740 Latus 360 f - "
