5196 4295
712 742 2162 882 Den Lezten dito zalte Ich dennen
770 866 2191 969 |:titl:| Graffhörgerischen Gräffi
791 966 2169 1061 nen und Freyle töchtern Von
797 1062 2204 1163 denen zu dem Wasserbau anli
780 1154 2161 1256 genten 7800 f. in abschlag Drey
780 1247 2144 1359 Tausent Zwey Hundert funfzig
790 1259 2537 1462 Gulden ut Quitt. hiebey Idest 3250 f - "
858 1546 2194 1688 Den 9.ten Ianua. Anno 1708 zalte
817 1678 2146 1789 Ich frauen Margarethæ Rosinæ
822 1781 2175 1871 Stubmerin Von denen anligent
817 1873 2168 1960 Rottischen 500 f. Cap. in abschlag
778 1950 2149 2063 Zwey Hundert und Funtzehen
799 2050 2196 2161 Gulden auf beyligendte Raths
796 2152 2211 2258 Verordtnung Rottische obligation
812 2138 2554 2352 und Quittung Hiebey Idest 215 f - "
729 2483 2125 2700 Latus 3465 f - " - "
646 2863 2218 3110 Summa Drey und dreyßig
813 3071 2179 3206 Tausent ain Hundert Sechs
863 3190 2239 3353 vnd Funfzig Gulden 3 s. 12 ⅔ d.
859 3412 2241 3622 33156 f. 3 s. 12 ⅔ d.
3133 263 4136 844 Außgab
2751 753 4423 980 Auf Iährliche VerZünßungen
2956 1248 4306 1420 Den Ersten Februarii 1707
2991 1390 4274 1515 zalte Ich Herrn Geörg Schmidt
2984 1488 4302 1616 deß außern Raths und Kir
2990 1592 4282 1715 chenmaister bey St. Stephan
2989 1703 4275 1808 Von der Kirchen anligenten
3000 1793 4317 1906 100 f Capital das an heünt
2985 1896 4305 2010 Verfallene Iahrs Intee. mit
3012 2000 4351 2124 Fünf Gulden Inhalt Quit
3017 2065 4844 2229 tung Hiebey Idest 5 f - "
2901 2389 4328 2541 Den 5.ten dito zalte Ich Frauen Ma
3011 2521 4365 2642 riæ Magdalenæ Eiseltin Wit
3011 2631 4334 2736 tib Von ihren anligenten 1500 f
3018 2736 4319 2849 Cap. das den Lezten Ianuarii
3016 2838 4339 2951 Verfallene Iahrs Intee. mit
3001 2935 4334 3052 Fünf und Sibenzig Gulden
3007 2992 4875 3159 ut Quittung Hiebey Idest 75 f - "
2933 3241 4365 3394 Ingleichen zalte Ich Herrn Lud
3006 3375 4328 3488 wig Rätschundt seiner Ehrwür
3064 3567 4338 3821 Latus 80 f - "
