<?xml version="1.0" encoding="UTF-8" standalone="yes"?>
<PcGts xmlns="http://schema.primaresearch.org/PAGE/gts/pagecontent/2013-07-15">
    <Metadata>
        <Creator>prov=READ-COOP:name=PyLaia@TranskribusPlatform:version=2.27.0:model_id=364005:lm=provided:date=01_07_2025_11:16</Creator>
        <Created>2025-06-17T09:36:00.758+02:00</Created>
        <LastChange>2025-08-29T09:29:28.476+02:00</LastChange>
        <TranskribusMetadata docId="9076156" pageId="99171304" pageNr="113" status="GT" userId="261754" imgUrl="https://files.transkribus.eu/Get?id=LBPUCBHDGLOFMRFSHWJBOMMV&amp;fileType=view" imageId="83207105"/>
    </Metadata>
    <Page imageFilename="99171304.tif" imageWidth="5106" imageHeight="4274">
        <TextRegion id="region_151064274" custom="readingOrder {index:0;}">
            <Coords points="0,0 2553,0 2553,4274 0,4274"/>
            <TextLine id="tl_1750856383" custom="readingOrder {index:0;}">
                <Coords points="745,730 745,812 749,817 814,828 1046,841 1959,841 2083,829 2103,823 2107,813 2106,765 2099,749 2051,726 2026,723 1423,729 1068,713 963,701 854,698 809,701 759,713 748,720"/>
                <Baseline points="745,803 2107,803"/>
                <TextEquiv>
                    <Unicode>Dito zalte Ich dem Ioseph Mayr</Unicode>
                </TextEquiv>
            </TextLine>
            <TextLine id="tl_1750856386" custom="readingOrder {index:1;}">
                <Coords points="2156,845 2152,839 2120,836 1951,846 1736,850 1378,848 1040,853 869,848 818,853 803,860 802,916 816,923 941,931 2023,930 2096,924 2154,912"/>
                <Baseline points="802,905 2156,905"/>
                <TextEquiv>
                    <Unicode>Stiegen Vattern in Burger Spit</Unicode>
                </TextEquiv>
            </TextLine>
            <TextLine id="tl_1750856397" custom="readingOrder {index:2;}">
                <Coords points="806,941 2125,941 2125,1023 806,1023"/>
                <Baseline points="806,1001 2125,1001"/>
                <TextEquiv>
                    <Unicode>tal Von denen anligenten Barba</Unicode>
                </TextEquiv>
            </TextLine>
            <TextLine id="tl_1750856388" custom="readingOrder {index:3;}">
                <Coords points="809,1026 2125,1026 2125,1111 809,1111"/>
                <Baseline points="809,1089 2125,1089"/>
                <TextEquiv>
                    <Unicode>ræ Graßmayrischen 500 f Cap.</Unicode>
                </TextEquiv>
            </TextLine>
            <TextLine id="tl_1750856392" custom="readingOrder {index:4;}">
                <Coords points="807,1113 2145,1113 2145,1197 807,1197"/>
                <Baseline points="807,1176 2145,1176"/>
                <TextEquiv>
                    <Unicode>das den 14.ten diß Verfallene Iahrs</Unicode>
                </TextEquiv>
            </TextLine>
            <TextLine id="tl_1750856385" custom="readingOrder {index:5;}">
                <Coords points="789,1199 2136,1199 2136,1295 789,1295"/>
                <Baseline points="789,1271 2136,1271"/>
                <TextEquiv>
                    <Unicode>Intee. mit Fünf und Zweinzig</Unicode>
                </TextEquiv>
            </TextLine>
            <TextLine id="tl_1750856403" custom="readingOrder {index:6;}">
                <Coords points="792,1297 2105,1297 2105,1397 792,1397"/>
                <Baseline points="792,1372 2105,1372"/>
                <TextEquiv>
                    <Unicode>Gulden auf sein Quittung</Unicode>
                </TextEquiv>
            </TextLine>
            <TextLine id="tl_1750856371" custom="readingOrder {index:7;}">
                <Coords points="2487,1343 2478,1320 2449,1313 2333,1327 2178,1362 1896,1394 1578,1408 924,1409 817,1425 802,1438 800,1457 810,1470 825,1474 1057,1484 1901,1480 2177,1471 2341,1452 2422,1432 2437,1417 2478,1399 2486,1379"/>
                <Baseline points="800,1439 2487,1439"/>
                <TextEquiv>
                    <Unicode>Hiebey Idest 25 f - "</Unicode>
                </TextEquiv>
            </TextLine>
            <TextLine id="tl_1750856400" custom="readingOrder {index:8;}">
                <Coords points="738,1656 738,1734 751,1741 796,1745 1821,1746 2081,1734 2124,1729 2132,1723 2132,1643 2127,1636 2113,1632 1957,1634 1747,1625 1309,1635 1252,1631 1102,1607 971,1601 821,1601 789,1606 745,1635"/>
                <Baseline points="738,1709 2132,1709"/>
                <TextEquiv>
                    <Unicode>Den 17.ten dito zalte Ich mehrgemelten</Unicode>
                </TextEquiv>
            </TextLine>
            <TextLine id="tl_1750856380" custom="readingOrder {index:9;}">
                <Coords points="2133,1763 2131,1753 2119,1747 2042,1743 904,1757 804,1769 797,1781 797,1821 803,1829 820,1832 1302,1833 1922,1820 2085,1813 2129,1807"/>
                <Baseline points="797,1809 2133,1809"/>
                <TextEquiv>
                    <Unicode>Herrn Stiermb Von der bruder</Unicode>
                </TextEquiv>
            </TextLine>
            <TextLine id="tl_1750856366" custom="readingOrder {index:10;}">
                <Coords points="2145,1845 2134,1836 2095,1829 2017,1824 1684,1827 1252,1838 877,1839 796,1847 791,1861 791,1895 796,1910 810,1913 1436,1913 1849,1904 2128,1887 2145,1879"/>
                <Baseline points="791,1890 2145,1890"/>
                <TextEquiv>
                    <Unicode>schafft anligenten 100 f Cap. das an</Unicode>
                </TextEquiv>
            </TextLine>
            <TextLine id="line_1751013458120_4306" custom="readingOrder {index:11;}">
                <Coords points="846,1933 906,1918 1117,1905 1327,1902 1649,1916 1967,1896 2174,1892 2160,1933 2160,1978 2086,1971 1757,1995 931,1986 846,1978"/>
                <TextEquiv>
                    <Unicode>heünt Verfallene Iahrs Intee. mit</Unicode>
                </TextEquiv>
            </TextLine>
            <TextLine id="tl_1750856401" custom="readingOrder {index:12;}">
                <Coords points="2112,2043 2097,2011 2090,2006 2032,1991 1983,1988 1730,1994 818,1992 779,1996 763,2002 758,2025 759,2044 768,2056 759,2071 761,2089 775,2094 1489,2095 1982,2082 2050,2073 2074,2063 2093,2061 2090,2055 2112,2052 2109,2048"/>
                <Baseline points="758,2066 2112,2066"/>
                <TextEquiv>
                    <Unicode>Fünf Gulden Inhalt Quittung</Unicode>
                </TextEquiv>
            </TextLine>
            <TextLine id="tl_1750856398" custom="readingOrder {index:13;}">
                <Coords points="2530,2001 2523,1984 2506,1977 2442,1980 2365,2004 2335,2022 2262,2043 2182,2059 1978,2083 1382,2108 909,2112 834,2118 800,2133 790,2149 831,2171 905,2174 1891,2171 2181,2156 2270,2141 2399,2107 2460,2085 2487,2049 2524,2027"/>
                <Baseline points="790,2124 2530,2124"/>
                <TextEquiv>
                    <Unicode>Hiebey Idest 5 f - "</Unicode>
                </TextEquiv>
            </TextLine>
            <TextLine id="tl_1750856374" custom="readingOrder {index:14;} unclear {offset:30;length:4;}">
                <Coords points="726,2308 2172,2308 2172,2432 726,2432"/>
                <Baseline points="726,2401 2172,2401"/>
                <TextEquiv>
                    <Unicode>Dito zalte Ich Frauen Mariæ Erhard</Unicode>
                </TextEquiv>
            </TextLine>
            <TextLine id="tl_1750856402" custom="readingOrder {index:15;} unclear {offset:14;length:3;}">
                <Coords points="826,2434 2160,2434 2160,2521 826,2521"/>
                <Baseline points="826,2497 2160,2497"/>
                <TextEquiv>
                    <Unicode>tin gebohrner Krinerin Von ihrer</Unicode>
                </TextEquiv>
            </TextLine>
            <TextLine id="tl_1750856387" custom="readingOrder {index:16;}">
                <Coords points="842,2522 2144,2522 2144,2607 842,2607"/>
                <Baseline points="842,2585 2144,2585"/>
                <TextEquiv>
                    <Unicode>Kindter anligenten 1000 f. Cap.</Unicode>
                </TextEquiv>
            </TextLine>
            <TextLine id="tl_1750856396" custom="readingOrder {index:17;}">
                <Coords points="842,2606 2147,2606 2147,2691 842,2691"/>
                <Baseline points="842,2669 2147,2669"/>
                <TextEquiv>
                    <Unicode>das den 4.ten diß Verfallene Iahrs</Unicode>
                </TextEquiv>
            </TextLine>
            <TextLine id="tl_1750856395" custom="readingOrder {index:18;}">
                <Coords points="832,2687 2170,2687 2170,2780 832,2780"/>
                <Baseline points="832,2756 2170,2756"/>
                <TextEquiv>
                    <Unicode>Intee. mit Funfzig Gulden In</Unicode>
                </TextEquiv>
            </TextLine>
            <TextLine id="tl_1750856362" custom="readingOrder {index:19;}">
                <Coords points="2507,2729 2504,2692 2461,2699 2186,2760 2108,2774 1851,2784 907,2781 865,2786 838,2796 832,2802 825,2841 830,2855 847,2868 874,2878 1716,2881 1990,2874 2238,2845 2415,2808 2450,2786 2484,2776 2491,2765"/>
                <Baseline points="825,2834 2493,2834"/>
                <TextEquiv>
                    <Unicode>halt Quittung Hiebey Idest 50 f - "</Unicode>
                </TextEquiv>
            </TextLine>
            <TextLine id="tl_1750856363" custom="readingOrder {index:20;}">
                <Coords points="753,3027 753,3099 760,3111 828,3123 942,3128 2148,3128 2209,3112 2216,3100 2235,3032 2229,3022 2114,3010 1921,3011 1343,3029 1247,3018 1210,3007 1146,2997 823,2992 770,3002 759,3008"/>
                <Baseline points="753,3094 2218,3094"/>
                <TextEquiv>
                    <Unicode>Den 18.ten dito zalte Ich Herrn Heinrich</Unicode>
                </TextEquiv>
            </TextLine>
            <TextLine id="tl_1750856373" custom="readingOrder {index:21;}">
                <Coords points="846,3130 2135,3130 2135,3220 846,3220"/>
                <Baseline points="846,3196 2135,3196"/>
                <TextEquiv>
                    <Unicode>Leöpold Kieß beneficiato der</Unicode>
                </TextEquiv>
            </TextLine>
            <TextLine id="tl_1750856390" custom="readingOrder {index:22;}">
                <Coords points="843,3223 2148,3223 2148,3309 843,3309"/>
                <Baseline points="843,3286 2148,3286"/>
                <TextEquiv>
                    <Unicode>Kießischen Stüfftung Von denen</Unicode>
                </TextEquiv>
            </TextLine>
            <TextLine id="tl_1750856365" custom="readingOrder {index:23;}">
                <Coords points="831,3308 2150,3308 2150,3392 831,3392"/>
                <Baseline points="831,3371 2150,3371"/>
                <TextEquiv>
                    <Unicode>anligenten 11000 f. Cap. das an</Unicode>
                </TextEquiv>
            </TextLine>
            <TextLine id="tl_1750856379" custom="readingOrder {index:24;}">
                <Coords points="809,3394 2186,3394 2186,3514 809,3514"/>
                <Baseline points="809,3484 2186,3484"/>
                <TextEquiv>
                    <Unicode>gestern Verfallene halb Iährige</Unicode>
                </TextEquiv>
            </TextLine>
            <TextLine id="tl_1750856399" custom="readingOrder {index:25;}">
                <Coords points="882,3730 883,3743 890,3752 905,3759 921,3773 951,3780 1152,3796 1204,3804 1264,3822 1405,3835 1559,3837 1864,3813 1889,3808 1898,3798 1921,3788 1921,3724 1896,3697 1871,3667 1868,3658 1844,3641 1817,3637 1771,3637 1669,3653 1474,3670 1378,3669 1333,3661 1293,3645 1271,3619 1232,3593 1149,3583 1054,3584 1005,3594 993,3604 977,3629 956,3640 948,3659 939,3669 918,3679 908,3703 888,3716"/>
                <Baseline points="882,3772 1901,3772"/>
                <TextEquiv>
                    <Unicode>Latus 80 f - "</Unicode>
                </TextEquiv>
            </TextLine>
            <TextEquiv>
                <Unicode>Dito zalte Ich dem Ioseph Mayr
Stiegen Vattern in Burger Spit
tal Von denen anligenten Barba
ræ Graßmayrischen 500 f Cap.
das den 14.ten diß Verfallene Iahrs
Intee. mit Fünf und Zweintzig
Gulden auf sein Quittung
Hiebey Idest 25 f - "
Den 17.ten dito zalte Ich mehrgemelten
Herrn Stiermb Von der bruder
schafft anligenten 100 f Cap. das an
heünt Verfallene Iahrs Intee. mit
Fünf Gulden Inhalt Quittung
Hiebey Idest 5 f - "
Dito zalte Ich Frauen Mariæ Erhard
tin gebohrner Krinerin Von ihrer
Kindter anligenten 1000 f. Cap.
das den 4.ten diß Verfallene Iahrs
Intee. mit Funftzig Gulden In
halt Quittung Hiebey Idest 50 f - "
Den 18.ten dito zalte Ich Herrn Heinrich
Leöpold Kieß beneficiato der
Kießischen Stüfftung Von denen
anligenten 11000 f. Cap. das an
gestern Verfallene halb Iährige
Latus 80 f - "</Unicode>
            </TextEquiv>
        </TextRegion>
        <TextRegion id="region_251064274" custom="readingOrder {index:1;}">
            <Coords points="2553,0 5106,0 5106,4274 2553,4274"/>
            <TextLine id="tl_1750856360" custom="readingOrder {index:0;}">
                <Coords points="4287,653 4283,640 4221,637 4074,630 3887,605 3736,604 3686,612 3660,622 3615,631 3452,651 3364,670 3249,673 3120,666 3018,675 2969,688 2928,716 2922,743 2923,771 2926,778 2937,784 2986,787 3562,786 3823,776 4183,778 4231,772 4243,764"/>
                <Baseline points="2922,739 4245,739"/>
                <TextEquiv>
                    <Unicode>Intee. mit Zwey Hundert Fünf</Unicode>
                </TextEquiv>
            </TextLine>
            <TextLine id="tl_1750856364" custom="readingOrder {index:1;}">
                <Coords points="4211,802 4206,795 4190,790 3964,782 3645,783 3460,790 2994,797 2951,802 2935,809 2932,866 2942,876 2992,882 3575,882 3901,868 4192,859 4209,852"/>
                <Baseline points="2932,857 4211,857"/>
                <TextEquiv>
                    <Unicode>und Sibenzig Gulden Vermög</Unicode>
                </TextEquiv>
            </TextLine>
            <TextLine id="tl_1750856354" custom="readingOrder {index:2;}">
                <Coords points="4700,842 4692,831 4662,825 4571,825 4049,864 3522,872 3003,885 2941,907 2934,916 2932,949 2934,965 2944,973 3042,984 3932,984 4292,977 4507,965 4692,943 4702,935"/>
                <Baseline points="2932,942 4702,942"/>
                <TextEquiv>
                    <Unicode>Quittung Hiebey Idest 275 f - "</Unicode>
                </TextEquiv>
            </TextLine>
            <TextLine id="tl_1750856361" custom="readingOrder {index:3;}">
                <Coords points="4250,1107 4245,1097 4229,1092 4127,1085 3854,1084 3492,1115 3231,1126 3178,1118 3146,1106 3094,1095 2987,1093 2922,1106 2907,1120 2868,1134 2864,1144 2864,1213 2878,1222 2938,1229 3509,1229 3676,1220 3837,1218 4087,1201 4193,1190 4245,1173 4249,1160"/>
                <Baseline points="2864,1192 4250,1192"/>
                <TextEquiv>
                    <Unicode>Dito zalte Ich Herrn Sigmundt</Unicode>
                </TextEquiv>
            </TextLine>
            <TextLine id="tl_1750856368" custom="readingOrder {index:4;}">
                <Coords points="4265,1221 4262,1215 4250,1211 3994,1213 3614,1227 3334,1247 3041,1250 2991,1254 2932,1265 2929,1310 2938,1318 3331,1320 4016,1301 4213,1281 4258,1257 4259,1244 4265,1236"/>
                <Baseline points="2929,1292 4265,1292"/>
                <TextEquiv>
                    <Unicode>Gußmann alß der Iacob Graffi</Unicode>
                </TextEquiv>
            </TextLine>
            <TextLine id="tl_1750856384" custom="readingOrder {index:5;}">
                <Coords points="4263,1313 4249,1308 4047,1309 3625,1320 3213,1343 3001,1348 2951,1353 2938,1358 2939,1409 3345,1411 3760,1398 4017,1395 4254,1374 4264,1368"/>
                <Baseline points="2938,1383 4264,1383"/>
                <TextEquiv>
                    <Unicode>schen pupillen Verordtneten Gerha</Unicode>
                </TextEquiv>
            </TextLine>
            <TextLine id="tl_1750856369" custom="readingOrder {index:6;}">
                <Coords points="4257,1418 4254,1406 4240,1403 4077,1401 3749,1408 3585,1418 3118,1430 2998,1438 2944,1448 2937,1458 2937,1478 2940,1488 2949,1492 2996,1497 3475,1497 3955,1488 4249,1463 4256,1458"/>
                <Baseline points="2937,1473 4257,1473"/>
                <TextEquiv>
                    <Unicode>ben Von ihren anligenten 4000 f</Unicode>
                </TextEquiv>
            </TextLine>
            <TextLine id="tl_1750856382" custom="readingOrder {index:7;}">
                <Coords points="4226,1516 4223,1509 4120,1494 3867,1493 3602,1498 3189,1518 3006,1523 2953,1531 2949,1538 2950,1577 2961,1583 3008,1586 3488,1585 3947,1574 4071,1565 4213,1547 4225,1541"/>
                <Baseline points="2949,1562 4226,1562"/>
                <TextEquiv>
                    <Unicode>Cap. das den 12.ten diß Verfallene</Unicode>
                </TextEquiv>
            </TextLine>
            <TextLine id="tl_1750856393" custom="readingOrder {index:8;}">
                <Coords points="4253,1584 4249,1577 4231,1572 4073,1572 3551,1584 3264,1599 2995,1607 2952,1612 2931,1619 2928,1661 2932,1669 3567,1671 3946,1663 4200,1647 4246,1636 4252,1627"/>
                <Baseline points="2928,1644 4253,1644"/>
                <TextEquiv>
                    <Unicode>Iahrs Intee. mit Zwey hundert</Unicode>
                </TextEquiv>
            </TextLine>
            <TextLine id="tl_1750856394" custom="readingOrder {index:9;}">
                <Coords points="4245,1683 4242,1675 4225,1670 3950,1669 2996,1688 2945,1693 2924,1702 2922,1775 2932,1785 2983,1790 3480,1790 3839,1768 4084,1767 4202,1752 4234,1741 4245,1724"/>
                <Baseline points="2922,1759 4245,1759"/>
                <TextEquiv>
                    <Unicode>Gulden Crafft Quittung Hie</Unicode>
                </TextEquiv>
            </TextLine>
            <TextLine id="tl_1750856357" custom="readingOrder {index:10;}">
                <Coords points="4713,1720 4674,1707 4591,1706 4532,1712 4416,1735 4040,1770 3486,1805 3019,1790 2969,1799 2962,1825 2961,1853 2979,1865 3616,1860 4157,1867 4484,1865 4605,1854 4687,1839 4716,1832"/>
                <Baseline points="2961,1826 4693,1826"/>
                <TextEquiv>
                    <Unicode>bey Idest 200 f - "</Unicode>
                </TextEquiv>
            </TextLine>
            <TextLine id="tl_1750856359" custom="readingOrder {index:11;}">
                <Coords points="2829,2078 2834,2088 2851,2094 2982,2105 3453,2105 3663,2096 3993,2097 4111,2089 4210,2071 4219,2062 4220,2032 4214,2023 4085,2010 4030,2002 3961,1985 3877,1977 3529,1983 3198,2002 3143,1998 3008,1972 2948,1968 2910,1975 2885,1985 2872,2013 2835,2027 2829,2044"/>
                <Baseline points="2829,2070 4220,2070"/>
                <TextEquiv>
                    <Unicode>Auch zalte Ich Ihme Von denen per</Unicode>
                </TextEquiv>
            </TextLine>
            <TextLine id="tl_1750856378" custom="readingOrder {index:12;}">
                <Coords points="4271,2115 4267,2108 4157,2096 3517,2103 3348,2112 3004,2120 2945,2135 2939,2140 2942,2176 3000,2191 3403,2191 4046,2177 4263,2168 4271,2157"/>
                <Baseline points="2939,2165 4271,2165"/>
                <TextEquiv>
                    <Unicode>Cessionem übernohmenen Steinß</Unicode>
                </TextEquiv>
            </TextLine>
            <TextLine id="tl_1750856377" custom="readingOrder {index:13;}">
                <Coords points="4254,2214 4251,2198 4236,2189 4160,2184 3830,2182 3603,2187 3007,2213 2957,2223 2954,2264 2962,2271 3074,2280 3493,2280 3717,2273 4110,2272 4198,2265 4241,2254 4252,2239"/>
                <Baseline points="2954,2254 4254,2254"/>
                <TextEquiv>
                    <Unicode>bergischen 1000 f Cap. das den Ersten</Unicode>
                </TextEquiv>
            </TextLine>
            <TextLine id="tl_1750856391" custom="readingOrder {index:14;}">
                <Coords points="4276,2288 4273,2282 4254,2276 3814,2275 3335,2292 3067,2296 3006,2301 2957,2313 2950,2321 2949,2344 2955,2353 2994,2365 3413,2367 4074,2355 4210,2346 4261,2337 4275,2329"/>
                <Baseline points="2949,2344 4276,2344"/>
                <TextEquiv>
                    <Unicode>deß Verfallene Iahrs Intee. mit</Unicode>
                </TextEquiv>
            </TextLine>
            <TextLine id="tl_1750856372" custom="readingOrder {index:15;}">
                <Coords points="4270,2405 4267,2381 4258,2374 4209,2365 4150,2363 3570,2366 3315,2377 2987,2382 2949,2385 2935,2391 2933,2464 2939,2474 2949,2478 2991,2481 3583,2480 4110,2468 4212,2459 4261,2450 4269,2439"/>
                <Baseline points="2933,2450 4270,2450"/>
                <TextEquiv>
                    <Unicode>Funfzig Gulden Laut Quit</Unicode>
                </TextEquiv>
            </TextLine>
            <TextLine id="tl_1750856356" custom="readingOrder {index:16;}">
                <Coords points="4747,2499 4743,2466 4724,2450 4664,2443 4268,2452 3805,2480 3295,2484 3015,2493 2964,2504 2961,2553 2975,2563 3058,2585 4398,2583 4727,2559 4746,2547"/>
                <Baseline points="2961,2548 4747,2548"/>
                <TextEquiv>
                    <Unicode>tung Hiebey Idest 50 f - "</Unicode>
                </TextEquiv>
            </TextLine>
            <TextLine id="tl_1750856358" custom="readingOrder {index:17;}">
                <Coords points="4300,2696 4289,2688 4229,2678 3876,2673 3710,2680 3510,2708 3452,2712 2994,2706 2922,2716 2905,2732 2877,2747 2875,2758 2880,2764 2870,2773 2869,2784 2874,2796 2884,2804 2932,2811 3351,2811 3565,2802 3825,2802 4129,2794 4237,2785 4299,2773"/>
                <Baseline points="2869,2775 4300,2775"/>
                <TextEquiv>
                    <Unicode>Ingleichen zalte Ich Herrn Leöpold</Unicode>
                </TextEquiv>
            </TextLine>
            <TextLine id="tl_1750856375" custom="readingOrder {index:18;}">
                <Coords points="4311,2809 4291,2802 4148,2807 3632,2805 3231,2816 3017,2817 2933,2828 2925,2843 2924,2889 2928,2895 3807,2897 4095,2890 4240,2879 4302,2867 4311,2859"/>
                <Baseline points="2924,2871 4311,2871"/>
                <TextEquiv>
                    <Unicode>Friderich Pfeiffer Kirchenmaister</Unicode>
                </TextEquiv>
            </TextLine>
            <TextLine id="tl_1750856389" custom="readingOrder {index:19;}">
                <Coords points="4268,2926 4266,2912 4252,2907 4072,2895 3110,2914 3016,2922 2957,2933 2949,2943 2949,2977 2957,2986 3473,2988 3655,2981 4135,2976 4260,2965 4266,2957"/>
                <Baseline points="2949,2964 4268,2964"/>
                <TextEquiv>
                    <Unicode>bey St. Stephan Von der Kirchen</Unicode>
                </TextEquiv>
            </TextLine>
            <TextLine id="tl_1750856381" custom="readingOrder {index:20;}">
                <Coords points="4259,3023 4251,3014 4206,3002 4088,2984 3880,2983 3554,2989 3012,3018 2960,3028 2954,3038 2956,3072 3018,3080 4156,3076 4257,3068"/>
                <Baseline points="2954,3055 4259,3055"/>
                <TextEquiv>
                    <Unicode>anligenten 600 f Capital das an</Unicode>
                </TextEquiv>
            </TextLine>
            <TextLine id="tl_1750856376" custom="readingOrder {index:21;}">
                <Coords points="4273,3110 4254,3102 4170,3096 3740,3092 3519,3093 3043,3105 2985,3112 2965,3127 2936,3135 2929,3148 2929,3185 2938,3192 3404,3194 3671,3186 4028,3189 4235,3185 4262,3182 4272,3176"/>
                <Baseline points="2929,3167 4273,3167"/>
                <TextEquiv>
                    <Unicode>Heünt Verfallene ain Iährige</Unicode>
                </TextEquiv>
            </TextLine>
            <TextLine id="tl_1750856370" custom="readingOrder {index:22;}">
                <Coords points="4264,3214 4256,3203 4222,3196 4109,3187 3609,3190 3130,3208 2984,3218 2924,3228 2917,3234 2917,3267 2923,3277 2978,3285 4205,3284 4248,3279 4262,3272"/>
                <Baseline points="2917,3259 4264,3259"/>
                <TextEquiv>
                    <Unicode>ge Intee. mit Dreyßig Gul</Unicode>
                </TextEquiv>
            </TextLine>
            <TextLine id="tl_1750856355" custom="readingOrder {index:23;}">
                <Coords points="4742,3293 4738,3259 4724,3247 4640,3243 4406,3271 4105,3288 2998,3299 2935,3304 2915,3311 2909,3323 2911,3372 2923,3384 2985,3396 3067,3402 3698,3409 4602,3409 4685,3402 4736,3389 4742,3379"/>
                <Baseline points="2909,3366 4742,3366"/>
                <TextEquiv>
                    <Unicode>den ut Quittung Hiebey Idest 30 f - "</Unicode>
                </TextEquiv>
            </TextLine>
            <TextLine id="tl_1750856367" custom="readingOrder {index:24;}">
                <Coords points="2892,3655 2892,3685 2896,3693 2935,3704 3277,3736 3369,3755 3672,3754 3779,3747 3912,3728 4143,3704 4158,3698 4165,3690 4165,3642 4161,3625 4134,3606 4111,3576 4087,3564 4016,3557 3775,3556 3459,3540 3412,3533 2969,3577 2942,3590 2932,3614 2899,3637"/>
                <Baseline points="2892,3686 4165,3686"/>
                <TextEquiv>
                    <Unicode>Latus 555 f  - "</Unicode>
                </TextEquiv>
            </TextLine>
            <TextEquiv>
                <Unicode></Unicode>
            </TextEquiv>
        </TextRegion>
    </Page>
</PcGts>
