5180 4306
812 733 2178 865 tin Mariæ Catharinæ Von ihren
824 867 2150 960 anligenten Hüngerischen 1000 f
814 960 2164 1056 Cap. das an Heünt Verfallene
812 1052 2169 1152 Halb Iährige Intee. mit fünf
814 1146 2172 1245 und Zweinzig Gulden Inhalt
815 1162 2531 1359 Quittung Hiebey Idest 25 f - "
670 1494 2168 1656 Den 6.ten dito zalte Ich Herrn Simon
822 1662 2164 1754 Likhowiz Von seinen anligenten
834 1745 2159 1840 800 f Cap. das an heünt Verfalle
818 1831 2180 1927 ne Iahrs Intee. mit Vierzig Gul
811 1933 2172 2033 den Vermög Quittung Hie
833 1929 2554 2125 bey Idest 40 f -"
705 2268 2188 2414 Dito zalte Ich der Annæ Mariæ Pre
825 2402 2177 2500 ingerin Hieuor Kuglin Von
838 2507 2180 2606 ihrer Kindter anligenten 2100 f
838 2609 2162 2700 Cap. das an heünt Verfallene
831 2696 2188 2793 Iahrs Intee. mit Ain hundert
849 2800 2188 2903 und fünf Gulden Crafft Quit
829 2789 2544 3006 tung Hiebey Idest 105 f - "
695 3128 2193 3294 Den 8.ten dito zalte Ich der Löbl. todten
809 3292 2152 3383 Bruderschafft bey Maria Loreta
843 3384 2213 3505 alhier von der Bruderschafft anligenten
964 3587 2180 3820 Latus 170 f - "
2998 641 4345 781 2000 f Cap. das den 6 diß Verfal
3002 771 4337 876 lene Iahrs Intee. mit Ain hun
3000 864 4314 976 dert Gulden Laut Quittung
3012 866 4810 1058 Hiebey Idest 100 f - "
2906 1179 4311 1333 Den 12.ten dito zalte Ich denen P. P. Ie
2985 1312 4309 1431 suitern in Kay. Profeßhauß
3009 1409 4308 1530 die Ihnen auf Verwichenes Mon
2991 1501 4344 1612 nät Ianuarii Verfallene fünf
2984 1604 4341 1712 zig Gulden almosen deputat
2974 1636 4831 1827 Gegen Quittung Hiebey Idest 50 f - "
2920 1957 4321 2113 Dito zalte Ich Herrn Geörg Hein
3009 2084 4306 2203 rich Lamprecht Chormaister bey
3018 2186 4355 2290 St. Stephan Von denen anligenten
3005 2278 4319 2377 Premrischen 1000 f Cap. das an
3006 2358 4341 2465 Heünt Verfallene Iahrs Intee.
3027 2450 4342 2560 mit funfzig Gulden Laut
3020 2476 4827 2667 Quittung Hiebey Idest 50 f - "
2914 2817 4332 2968 Deßgleichen zalte Ich herrn Iohann
3002 2947 4327 3053 Kirmreitter Von seines Söhnl
3028 3042 4342 3146 bey Gmr. Statt anligenten 300 f
3031 3131 4383 3240 Cap. das den 2.ten diß Verfallene Iahrs
3021 3233 4394 3341 Intee. mit Funfzehen Gulden ut
3027 3283 4838 3432 Quittung Hiebey Idest 15 f - "
3002 3524 4248 3792 Latus 215 f - "
