5132 4309
790 723 2152 863 tendenti der Trappischen Stüfftung
792 868 2131 950 Von denen anligenten 1000 f.
796 954 2124 1043 Cap. das an Heünt Verfallene
796 1043 2175 1141 Iahrs Intee. mit Fünfzig Gul
804 1077 2485 1244 den Gegen Quittung Hiebey Idest 50 f - "
686 1315 2139 1464 Auch zalte Ich Ihme Von der Chur an
821 1462 2163 1553 ligenten Habrellischen 500 f Cap.
839 1557 2129 1641 das an heünt Verfallene halb
819 1639 2158 1732 Iährige Intee. mit Zwelf Gul
816 1607 2517 1841 den 4 s ut Quit. Hiebey Idest 12 f. 4 s.
687 1948 2124 2089 Dito zalte Ich dem Iohann Geörg
795 2079 2166 2180 Rekh Von seinen anligenten 800 f
828 2179 2115 2266 Cap. das an heünt Verfallene
824 2261 2148 2357 Iahrs Intee. vnd VierZig Gul
799 2262 2523 2475 den Laut Quittung Hiebey Idest 40 f - " -
802 2564 2221 2705 Ingleichen zalte Ich der Margareth
823 2701 2151 2795 Zosin Von ihrer Kindter anli
836 2786 2159 2878 genten tragaischen 200 f. Cap. das
838 2879 2204 2972 an heünt Verfallene Iahrs Intee.
847 2977 2145 3074 mit Zehen Gulden Vermög
817 3072 2167 3174 Quittung und Herrn Ober
834 3175 2216 3270 raithandlers Frinderungs Zoll
840 3178 2530 3350 Hiebey Idest 10 f - " -
841 3388 2211 3553 Den 16.ten dito zalte Ich Herrn Chor
784 3585 2212 3807 Latus 112 f. 4 s - "
2930 645 4288 776 maister die wegen der matur ietzt
2939 759 4230 860 Quatember Fasten Verfallene
2936 853 4241 957 Siben Gulden 2 s. Vermög
2919 865 4848 1057 Quittung Hiebey Idest 7 f 2 s - "
2889 1150 4254 1284 Dito zalte Ich Herrn Augustin Von
2956 1270 4252 1367 Hierneis der Röm. Kay. May.
2951 1350 4270 1452 Rath und deß Inneren Statt Raths
2951 1430 4276 1528 Seniori Von dessen anligenten 1500 f.
2957 1510 4275 1606 Cap. das an gestern Verfallene Iahrs
2938 1595 4260 1693 Intee. mit fünf und Sibentzig
2940 1687 4259 1794 Gulden Crafft Quittung hie
2964 1713 4896 1868 bey Idest 45 f - " - "
2869 1991 4258 2133 Dito zalte Ich Herrn Iohann Tha
2970 2108 4292 2213 dæo Incrawski deß Innern Statt
2977 2187 4305 2300 Raths Von seinen anligenten 2000 f
2975 2276 4309 2380 Cap. das an Heünt Verfallene halb
2962 2367 4298 2462 Iährige Intee. mit Sechzig Gul
2964 2403 4908 2555 den Laut Quittung Hiebey Idest 60 f - " - "
2830 2636 4317 2800 Auch zalte Ich Herrn Franz Stiermb
2980 2769 4290 2881 deß außern Raths vnd Verord
2973 2856 4277 2964 neten Verwaltern der hochlöbl. Cor
2950 2947 4305 3054 poris Christi Bruderschafft Von an
2941 3035 4310 3147 ligenten 2800 f Cap. das an heünt
2950 3128 4301 3236 Verfallene Iahrs Intee. mit Ain
2959 3224 4268 3337 Hundert und Vierzig Gulden
2938 3285 4930 3425 Gegen Quittung Hiebey Idest 140 f - " - "
2908 3515 4296 3722 Latus 282 f. 2 s - "
