5135 4283
698 610 2153 846 Den 28.ten dito zalte Ich Herrn Bern
754 843 2163 940 hardt Riesen Raitlhandlern
750 937 2166 1028 Von denen anligenten Alipran
773 1031 2176 1126 dischen 1000 f. Capital in abschlag
761 1121 2143 1231 Siben Hundert und funfzig
779 1237 2181 1344 Gulden Crafft Quittung Hiebey
798 1228 2506 1421 Idest 750 f - "
810 1509 2149 1636 Den Ersten Octob. zalte Ich H.
805 1633 2157 1738 Bernhardt Riesen Raitthandler
787 1733 2168 1834 Von denen anligenten Christian
785 1835 2176 1925 Mörzischen 4000 f. Cap. in abschlag
762 1923 2175 2036 Fünf Hundert ain und Siben
795 2035 2165 2146 zig Gulden 3 s. 12 ⅔ d. Laut
797 2017 2507 2234 Quittung Hiebey Idest 571 f  3 s
729 2321 2161 2463 Den 20.ten dito zalte Ich der Mariæ
810 2469 2124 2569 Blondelin Wittib Von ihres
779 2565 2172 2666 Verstorbenen Ehewürth Nicolai
779 2665 2141 2752 seel. bey Gmr. Statt anligenten
778 2744 2169 2848 900 f. Cap. in abschlag Ain Hun
790 2844 2190 2936 dert Gulden Vermög Quittung
827 2938 2174 3036 und obr. Hoff Marschallische be
818 2912 2507 3143 willigung Hiebey Idest 100 f - "
747 3207 2176 3359 Den 21.ten dito zalte Ich Vorgedachten
806 3358 2202 3471 Herrn Riesen die bey Gmr. Statt
701 3540 2276 3774 Latus 1421 f. 3 s. 12 ⅔ d.
2957 654 4308 802 angelegene Iohann Peter Lastroi
2934 782 4301 896 sche Ain Tausent Gulden Cap.
2925 882 4288 991 Völlig Crafft Quittung und cas
2925 910 4778 1099 sirte obligation Hiebey Idest 1000 f - "
2885 1193 4340 1338 den 22.ten dito zalte Ich Frauen Annæ
2953 1330 4301 1439 Mariæ träschitzin Von dennen
2965 1414 4332 1530 anligenten Blondelischen 900 f. Cap.
2963 1503 4327 1639 in abschlag Ainhundert Gulden
2965 1623 4319 1737 auf oben beygelegte bewilligung
2955 1647 4806 1856 und Quittung Hiebey Idest 100 f - "
2871 1938 4330 2093 Den 24.ten dito zalte Ich Herrn Iohan
2948 2050 4351 2186 Sebastian Höpffner Von Brendt
2974 2169 4268 2285 deß Innern Statt Raths seine
2967 2276 4263 2383 bey Gmr. Statt angelegene
2948 2348 4295 2495 in Tausent fünf Hundert
2947 2477 4340 2593 Gulden Cap. Völlig Laut cassir
2956 2578 4358 2679 ter obligation und darauff
2968 2622 4837 2791 gestelte Quittung Hiebey Idest 1500 f. - "
2862 2894 4359 3041 Den 25.ten dito zalte Ich Herrn Iaco
2964 3028 4320 3140 bo Ignatio fokhy Medic. Dri
2980 3139 4308 3244 dessen bey Gmr. Statt ange
2975 3216 4342 3345 legene Ain Tausent Gulden
2992 3336 4309 3443 Cap. Völlig gegen cassirter
3046 3503 4288 3725 Latus 2600 f - "
