5173 4313
823 684 2147 871 Ferer zalte Ich Herrn Leöpold Fri
796 864 2124 962 derich Pfeiffer Verwaltern der hoch
808 959 2138 1070 Löbl. Corporis Christi Bruderschafft
800 1069 2126 1158 Von denen anligenten 1200 f. Cap.
808 1163 2117 1253 das den 7.ten diß Verfallene Iahrs
794 1256 2124 1357 Intee. mit Sechzig Gulden
801 1235 2539 1455 Crafft Quittung Hiebey Idest 60 f - "
699 1568 2182 1713 Dan Von der Bruderschafft anligenten
842 1715 2144 1810 200 f Cap. das dem Ersten diß Ver
813 1806 2132 1894 fallene Iahrs Intee. mit Zehen
802 1811 2519 1995 Gulden Laut Quitt. hiebey Idest 10 f - "
745 2070 2149 2211 Mehr Von der Bruderschafft anligenten
777 2211 2164 2305 700 f Cap. das den 20.ten Ianuarii
816 2292 2190 2393 Verfallene Iahrs Intee. mit fünf
825 2397 2147 2489 vnd dreyßig Gulden Gegen
833 2382 2544 2591 Quittung Hiebey Idest 35 f - "
678 2703 2177 2849 Auch zalte Ich Herrn Franz Ioseph
818 2843 2167 2938 Khuntsamber Thumb Capitlichen
821 2942 2189 3026 Hoffmaister Von denen anligenten
819 3028 2165 3123 Pickhartischen 1200 f. Cap. das den
822 3121 2195 3215 9. diß Verfallene Iahrs Intee. mit
826 3113 2562 3323 Sechzig Gulden ut Quitt. Idest 60 f - "
736 3380 2212 3544 Nitweniger zalte Ich der Eine Felm
884 3640 2101 3852 Latus 165 f - "
2984 660 4274 798 rin die Ihr zur Heyrathsteyer
2996 791 4279 891 angeschaffte Zehen Gulden In
2976 889 4303 989 halt berathschlagten Anbringen und
2986 978 4283 1095 darauf gestelten Quittung Hie
2991 1028 4801 1173 bey Idest 10 f - "
2886 1306 4293 1436 Den 15.ten dito zalte Ich Frauen Ma
2963 1429 4284 1527 riæ Eidlspergerin Wittib Von
2996 1511 4297 1610 ihrer Kindter anligenten 5000 f
3000 1593 4331 1703 Cap. das an heünt Verfallene Iahrs
2993 1693 4320 1790 Intee. mit Zwey hundert und
2978 1783 4331 1887 funfzig Gulden Vermög Quit
2995 1826 4824 1978 tung Hiebey Idest 250 f - "
2891 2127 4327 2273 Den 19.ten dito zalte Ich Frauen There
2986 2259 4322 2365 siæ Machtin gebohrne Haußerin
2998 2350 4312 2453 Von ihren anligenten 1000 f Cap.
3006 2445 4313 2544 das den Lezten Ianua. Verfallene
2994 2536 4315 2630 Iahrs Intee. mit Fünfzig Gul
2975 2585 4819 2737 den Crafft Quittung Hiebey Idest 50 f - "
2908 2845 4331 2981 Den 20.ten dito zalte Ich Frauen Mariæ
2977 2977 4325 3082 Sophiæ Von Steinßberg hieuor
2988 3075 4346 3178 Schuesterin Von ihrer Kindter an
2994 3170 4368 3271 ligenten 2000 f. Cap. das an heünt
2986 3263 4394 3365 Verfallene ½ Iahrs Intee. mit Funf
2984 3327 4836 3468 zig Gulden ut Quitt. hiebey Idest 50 f - "
2946 3578 4217 3785 Latus 360 f - "
