5138 4312
793 690 2144 864 Zehen Gulden Gegen Quit
835 783 2493 980 tung Hiebey Idest 10 f - "
765 1103 2086 1238 Den 10.ten dito zalte Ich Herrn
799 1245 2122 1344 Frantz Antoni Von Walbach
800 1351 2145 1448 Von dessen anligenten 1500 f
819 1451 2159 1549 Capital das den 26.ten diß Ver
802 1550 2176 1654 fallendte Iahrs Intee. mit Fünf
800 1655 2180 1758 und Sibenzig Gulden Vermög
825 1762 2180 1853 seiner beyligendten Quit
824 1773 2518 1950 tung Idest 75 f - "
786 2112 2153 2254 Den 12.ten dito zalte Ich denen P. P.
818 2256 2130 2353 Iesuitern im Kay. Profess
825 2353 2143 2445 Hauß die auf das Monnat Fe
830 2450 2133 2538 bruarii Verfallene Fünfzig
833 2539 2156 2623 Gulden almosen deputat
832 2566 2521 2733 ut Quittung Hiebey Idest 50 f - "
742 2838 2176 2987 Dito zalte Ich der Frauen Mariæ
848 2990 2207 3081 Annæ Hasinkhin Von Weizen
835 3089 2171 3170 feldt Von ihren anligenten
820 3175 2202 3276 3000 f Cap. das an gestern Ver
828 3270 2231 3368 fallene Iahrs Intee. mit Ain hun
835 3364 2227 3465 dert und funfzig Gulden auf ihr
839 3359 2537 3546 Quittung Hiebey Idest 150 f - "
808 3632 2179 3829 Latus 285 f - s - "
2885 602 4244 795 Ingleichen zalte Ich Herrn Chri
2929 783 4226 886 stoph Schmidt deß außeren
2952 840 4282 977 Rath und deß Franzen Schmider
2944 966 4212 1070 Verordtneten Gerhaben Von
2942 1047 4267 1158 denen anligenten Anspachischen
2937 1150 4250 1261 125 f Cap. das den Ersten diß
2923 1244 4242 1355 Verfallene Iahrs Intee. per Sechs
2937 1351 4253 1464 Gulden 2 s. Inhalt Quittung
2955 1382 4852 1539 Hiebey Idest 6 f. 2 s. - "
2846 1649 4265 1811 Dan zalte Ich Herrn Simon Likho
2944 1803 4257 1892 wiz Von seinen anligenten
2962 1883 4262 1985 1000 f Cap. das an heünt Ver
2940 1971 4271 2074 fallene Iahrs Intee. mit funf
2942 2072 4272 2173 Zig Gulden Vermög Quit
2979 2112 4851 2273 tung Hiebey Idest 50 f - " - "
2846 2393 4281 2537 Den 13.ten dito zalte Ich dem Iohann
2951 2533 4252 2636 Adam Goldthan Von seiner
2968 2621 4286 2726 Kindter anligenten 1500 f Cap.
2961 2716 4272 2826 das an heünt Verfallene Iahrs
2960 2805 4263 2911 Intee. mit Fünf und Siben
2960 2909 4284 3021 Zig Gulden Crafft Quittung
2960 2967 4865 3106 Hiebey Idest 75 f  - " - "
2887 3201 4300 3338 Den 15.ten dito zalte Ich gedachtem
2975 3321 4322 3431 Herrn Chormaister alß Superin
2979 3532 4285 3686 Latus 131 f. 2 s - "
