<?xml version="1.0" encoding="UTF-8" standalone="yes"?>
<PcGts xmlns="http://schema.primaresearch.org/PAGE/gts/pagecontent/2013-07-15" xmlns:xsi="http://www.w3.org/2001/XMLSchema-instance" xsi:schemaLocation="http://schema.primaresearch.org/PAGE/gts/pagecontent/2013-07-15 http://schema.primaresearch.org/PAGE/gts/pagecontent/2013-07-15/pagecontent.xsd">
    <Metadata>
        <Creator>prov=READ-COOP:name=PyLaia@TranskribusPlatform:version=2.27.0:model_id=344665:lm=provided:date=05_06_2025_11:03</Creator>
        <Created>2025-06-02T09:31:22.656+02:00</Created>
        <LastChange>2025-06-10T15:58:17.614+02:00</LastChange>
        <TranskribusMetadata docId="8812015" pageId="98076804" pageNr="215" tsid="246414840" status="IN_PROGRESS" userId="261754" imgUrl="https://files.transkribus.eu/Get?id=JBYOUOUQDWOYQHHONJUSDXXD&amp;fileType=view" xmlUrl="https://files.transkribus.eu/Get?id=CEVCEBKPFFYVLQPIRBDTQIYJ" imageId="82239150"/>
    </Metadata>
    <Page imageFilename="98076804.tif" imageWidth="4833" imageHeight="4061">
        <ReadingOrder>
            <OrderedGroup id="ro_1749563897614" caption="Regions reading order">
                <RegionRefIndexed index="0" regionRef="region_148334061"/>
                <RegionRefIndexed index="1" regionRef="region_248334061"/>
            </OrderedGroup>
        </ReadingOrder>
        <TextRegion id="region_148334061" custom="readingOrder {index:0;}">
            <Coords points="0,0 2416,0 2416,4061 0,4061"/>
            <TextLine id="tl_1748952834" custom="readingOrder {index:0;}">
                <Coords points="725,737 1919,737 1919,897 725,897"/>
                <Baseline points="725,857 1919,857"/>
                <TextEquiv>
                    <Unicode>rh. vermüg Quittung so hiebey</Unicode>
                </TextEquiv>
            </TextLine>
            <TextLine id="tl_1748952841" custom="readingOrder {index:1;}">
                <Coords points="2338,817 2329,802 2271,796 2206,802 2035,827 1990,846 1922,857 1873,873 1671,897 1391,907 838,906 776,917 765,929 759,946 775,956 855,968 1077,977 1523,983 1930,981 2226,947 2289,933 2300,921 2311,846 2323,830 2337,824"/>
                <Baseline points="759,934 2338,934"/>
                <TextEquiv>
                    <Unicode>Idest 20 f - s -</Unicode>
                </TextEquiv>
            </TextLine>
            <TextLine id="tl_1748952830" custom="readingOrder {index:2;}">
                <Coords points="1854,1119 1852,1110 1845,1105 1797,1093 1667,1094 1620,1087 1598,1077 1559,1068 1534,1066 1286,1066 979,1090 799,1093 751,1099 733,1112 709,1119 703,1125 701,1187 710,1198 760,1204 1344,1204 1414,1199 1828,1194 1853,1187"/>
                <Baseline points="701,1168 1854,1168"/>
                <TextEquiv>
                    <Unicode>Es wierdt auch hiemit den 12.</Unicode>
                </TextEquiv>
            </TextLine>
            <TextLine id="tl_1748952829" custom="readingOrder {index:3;}">
                <Coords points="1948,1216 1943,1210 1923,1206 1736,1202 1366,1202 1309,1207 1230,1221 1094,1209 773,1209 729,1215 720,1220 717,1305 720,1318 1011,1319 1209,1311 1317,1313 1439,1303 1490,1304 1615,1317 1793,1308 1889,1309 1946,1298"/>
                <Baseline points="717,1289 1948,1289"/>
                <TextEquiv>
                    <Unicode>dits Monnaths Berichts weiß</Unicode>
                </TextEquiv>
            </TextLine>
            <TextLine id="tl_1748952838" custom="readingOrder {index:4;}">
                <Coords points="1900,1328 1895,1322 1880,1319 1801,1315 1713,1317 1619,1325 1503,1313 1436,1311 1115,1322 1007,1322 765,1334 726,1340 710,1349 708,1409 718,1418 754,1423 1162,1421 1310,1408 1564,1420 1626,1420 1707,1414 1837,1414 1899,1405"/>
                <Baseline points="708,1395 1900,1395"/>
                <TextEquiv>
                    <Unicode>eingebracht die Ienige durch</Unicode>
                </TextEquiv>
            </TextLine>
            <TextLine id="tl_1748952852" custom="readingOrder {index:5;}">
                <Coords points="1857,1430 1842,1423 1766,1417 1671,1417 1560,1430 1478,1421 1350,1415 1266,1417 1198,1426 1065,1422 926,1433 772,1429 736,1434 724,1440 722,1521 724,1527 731,1530 780,1536 1017,1536 1224,1528 1328,1515 1538,1526 1617,1524 1730,1515 1850,1499 1859,1490"/>
                <Baseline points="722,1505 1859,1505"/>
                <TextEquiv>
                    <Unicode>Herrn Doctor Raaben seel. ab</Unicode>
                </TextEquiv>
            </TextLine>
            <TextLine id="tl_1748952840" custom="readingOrder {index:6;}">
                <Coords points="1929,1559 1922,1548 1894,1542 1875,1533 1829,1525 1738,1519 1604,1521 1435,1536 1297,1527 1257,1531 1185,1546 997,1543 793,1546 739,1553 727,1559 726,1621 739,1630 785,1637 897,1641 1054,1641 1177,1629 1298,1624 1571,1624 1738,1629 1924,1613 1929,1608"/>
                <Baseline points="726,1609 1929,1609"/>
                <TextEquiv>
                    <Unicode>sterben dem Herrn Melchiorn</Unicode>
                </TextEquiv>
            </TextLine>
            <TextLine id="tl_1748952851" custom="readingOrder {index:7;} unclear {offset:19; length:3;}">
                <Coords points="731,1724 734,1731 751,1737 806,1742 1240,1742 1390,1735 1556,1740 1938,1712 1956,1707 1956,1661 1953,1656 1939,1651 1866,1644 1704,1641 1545,1631 1226,1630 1018,1651 932,1650 785,1641 742,1645 732,1653"/>
                <Baseline points="731,1714 1956,1714"/>
                <TextEquiv>
                    <Unicode>Seitzen auch I. V. Dr. von einem</Unicode>
                </TextEquiv>
            </TextLine>
            <TextLine id="tl_1748952828" custom="readingOrder {index:8;} unclear {offset:21; length:2;}">
                <Coords points="1957,1743 1940,1736 1731,1733 1576,1739 1318,1738 1006,1746 798,1745 749,1753 735,1761 733,1825 739,1833 867,1847 1300,1846 1408,1836 1522,1847 1749,1846 1954,1825 1957,1821"/>
                <Baseline points="733,1817 1957,1817"/>
                <TextEquiv>
                    <Unicode>Löbl. Statt Rath mit g. Conferirte</Unicode>
                </TextEquiv>
            </TextLine>
            <TextLine id="tl_1748952835" custom="readingOrder {index:9;}">
                <Coords points="1895,1857 1893,1853 1879,1849 1617,1854 1440,1843 1371,1843 1270,1851 1168,1846 781,1845 735,1853 723,1861 721,1934 724,1946 733,1951 812,1961 1228,1962 1268,1960 1320,1948 1357,1946 1415,1950 1468,1960 1510,1961 1632,1946 1840,1942 1883,1936 1894,1930"/>
                <Baseline points="721,1930 1895,1930"/>
                <TextEquiv>
                    <Unicode>Sindicats Bestallung darauf</Unicode>
                </TextEquiv>
            </TextLine>
            <TextLine id="tl_1748952857" custom="readingOrder {index:10;}">
                <Coords points="1867,1974 1864,1967 1848,1961 1755,1950 1571,1953 1490,1969 1320,1966 1233,1980 1195,1980 1131,1966 1093,1962 900,1967 798,1965 741,1975 738,1983 738,2042 743,2048 805,2055 1171,2055 1230,2062 1282,2063 1367,2062 1439,2052 1551,2059 1689,2053 1797,2061 1848,2060 1860,2057 1867,2047"/>
                <Baseline points="738,2034 1867,2034"/>
                <TextEquiv>
                    <Unicode>dan mit negster beZallung</Unicode>
                </TextEquiv>
            </TextLine>
            <TextLine id="tl_1748952843" custom="readingOrder {index:11;}">
                <Coords points="1937,2073 1934,2068 1918,2063 1762,2064 1635,2060 1536,2072 1421,2072 1320,2082 1266,2082 1197,2069 1143,2064 793,2061 759,2066 737,2074 734,2083 734,2150 739,2157 768,2159 1001,2156 1106,2159 1587,2158 1714,2148 1877,2145 1919,2141 1936,2134"/>
                <Baseline points="734,2132 1937,2132"/>
                <TextEquiv>
                    <Unicode>Zugedenckhen were vermüg</Unicode>
                </TextEquiv>
            </TextLine>
            <TextLine id="tl_1748952842" custom="readingOrder {index:12;}">
                <Coords points="1973,2166 1968,2157 1953,2153 1678,2151 1311,2156 1163,2168 1050,2160 974,2160 869,2169 777,2171 755,2176 719,2192 716,2238 724,2248 768,2258 985,2272 1734,2271 1869,2257 1968,2235 1973,2225"/>
                <Baseline points="716,2241 1973,2241"/>
                <TextEquiv>
                    <Unicode>mir Zuegefertigten Intimations</Unicode>
                </TextEquiv>
            </TextLine>
            <TextLine id="tl_1748952856" custom="readingOrder {index:13;}">
                <Coords points="681,2385 701,2389 1339,2388 1578,2379 1660,2373 1793,2356 1804,2351 1825,2329 1834,2326 1842,2308 1839,2300 1830,2295 1789,2289 1433,2292 1098,2275 727,2268 692,2272 683,2279"/>
                <Baseline points="681,2358 1842,2358"/>
                <TextEquiv>
                    <Unicode>Decet</Unicode>
                </TextEquiv>
            </TextLine>
            <TextLine id="tl_1748952822" custom="readingOrder {index:14;}">
                <Coords points="650,2619 650,2638 655,2652 672,2660 715,2671 822,2676 927,2676 1044,2664 1217,2672 1630,2670 1694,2663 1877,2657 1896,2653 1900,2646 1900,2593 1895,2580 1803,2549 1704,2528 1484,2524 1315,2531 938,2533 880,2518 868,2497 858,2490 808,2479 745,2483 698,2504 689,2543 665,2565 657,2579"/>
                <Baseline points="650,2626 1900,2626"/>
                <TextEquiv>
                    <Unicode>Den 12. Augustii Zalte Ich denen</Unicode>
                </TextEquiv>
            </TextLine>
            <TextLine id="tl_1748952837" custom="readingOrder {index:15;}">
                <Coords points="1895,2682 1892,2677 1878,2673 1836,2670 1702,2672 1457,2685 1327,2676 1185,2678 1075,2672 1016,2673 899,2683 772,2674 743,2676 720,2682 713,2696 709,2719 709,2783 722,2792 786,2794 1026,2780 1180,2787 1323,2777 1504,2780 1645,2772 1872,2771 1895,2765"/>
                <Baseline points="709,2763 1895,2763"/>
                <TextEquiv>
                    <Unicode>Gema. Statt Verordneten Thor</Unicode>
                </TextEquiv>
            </TextLine>
            <TextLine id="tl_1748952853" custom="readingOrder {index:16;}">
                <Coords points="1903,2798 1897,2791 1862,2786 1647,2780 1580,2782 1514,2790 1427,2782 1371,2782 1177,2800 1014,2788 888,2791 794,2798 741,2810 737,2820 739,2879 746,2885 796,2895 985,2898 1071,2892 1262,2889 1300,2891 1334,2898 1392,2899 1464,2892 1549,2893 1648,2887 1845,2898 1884,2892 1900,2885"/>
                <Baseline points="737,2867 1903,2867"/>
                <TextEquiv>
                    <Unicode>Commissarien die Innen von 29.</Unicode>
                </TextEquiv>
            </TextLine>
            <TextLine id="tl_1748952850" custom="readingOrder {index:17;}">
                <Coords points="744,2929 745,2994 759,3000 796,3003 1155,3004 1271,2998 1349,3007 1459,3007 1540,2995 1577,2993 1698,3002 1733,3001 1786,2992 1821,2982 1830,2976 1833,2963 1833,2925 1828,2918 1709,2895 1663,2890 1565,2895 1323,2889 1225,2891 1190,2895 934,2897 795,2894 750,2909"/>
                <Baseline points="744,2976 1833,2976"/>
                <TextEquiv>
                    <Unicode>Iulii bis 12. Augustii ver</Unicode>
                </TextEquiv>
            </TextLine>
            <TextLine id="tl_1748952824" custom="readingOrder {index:18;}">
                <Coords points="1969,3010 1966,2996 1959,2990 1915,2982 1853,2983 1720,2995 898,3003 780,3009 761,3014 744,3028 716,3039 713,3112 718,3130 735,3134 1940,3132 1961,3126 1968,3116"/>
                <Baseline points="713,3096 1969,3096"/>
                <TextEquiv>
                    <Unicode>fallene Bsoldung Benentlichen</Unicode>
                </TextEquiv>
            </TextLine>
            <TextLine id="tl_1748952854" custom="readingOrder {index:19;}">
                <Coords points="917,3397 916,3461 918,3470 923,3477 931,3481 947,3484 1579,3485 1608,3483 1612,3481 1614,3475 1614,3380 1611,3343 1608,3334 1602,3327 1578,3315 1484,3317 1289,3301 1236,3302 1147,3322 1079,3341 952,3359 942,3364 934,3373 924,3379"/>
                <Baseline points="916,3439 1614,3439"/>
                <TextEquiv>
                    <Unicode>Lattus per Se.</Unicode>
                </TextEquiv>
            </TextLine>
            <TextEquiv>
                <Unicode></Unicode>
            </TextEquiv>
        </TextRegion>
        <TextRegion id="region_248334061" custom="readingOrder {index:1;}">
            <Coords points="2417,0 4833,0 4833,4061 2417,4061"/>
            <TextLine id="tl_1748952821" custom="readingOrder {index:0;}">
                <Coords points="2881,706 2891,748 2891,776 2905,791 2905,797 2929,805 3341,805 3457,782 3541,774 3599,775 3680,789 3733,791 3851,778 4045,775 4091,766 4095,757 4094,701 4081,691 4035,683 3894,675 3724,651 3455,643 3410,647 3332,663 3238,666 2990,641 2940,640 2892,654 2884,663"/>
                <Baseline points="2881,763 4095,763"/>
                <TextEquiv>
                    <Unicode>Zwaintzig gulden rh. vermüg</Unicode>
                </TextEquiv>
            </TextLine>
            <TextLine id="tl_1748952845" custom="readingOrder {index:1;}">
                <Coords points="4667,812 4664,792 4655,780 4599,754 4458,745 4190,750 4005,769 3772,783 3521,786 3298,799 2954,800 2933,811 2927,821 2926,895 2933,908 2947,914 3010,926 3065,929 4519,925 4603,915 4652,891 4665,866"/>
                <Baseline points="2926,883 4667,883"/>
                <TextEquiv>
                    <Unicode>Quittung so hiebey Idest 20 f - s -</Unicode>
                </TextEquiv>
            </TextLine>
            <TextLine id="tl_1748952833" custom="readingOrder {index:2;}">
                <Coords points="4064,1108 4060,1098 4005,1076 3957,1071 3829,1069 3746,1056 3679,1051 3572,1052 3514,1058 3429,1073 3365,1095 3320,1105 3235,1115 3160,1113 3084,1098 3052,1085 2960,1072 2910,1071 2861,1079 2856,1090 2858,1157 2865,1188 2904,1215 2946,1221 3267,1221 3348,1210 3523,1195 3669,1198 3776,1192 3892,1197 4000,1194 4051,1188 4064,1181"/>
                <Baseline points="2856,1177 4064,1177"/>
                <TextEquiv>
                    <Unicode>Ebenmessig Zalte Ich Innen Ihre</Unicode>
                </TextEquiv>
            </TextLine>
            <TextLine id="tl_1748952846" custom="readingOrder {index:3;}">
                <Coords points="4086,1212 4072,1205 3893,1209 3785,1201 3560,1202 3476,1206 3192,1234 2978,1237 2929,1245 2923,1250 2921,1307 2925,1319 2944,1326 3102,1327 3319,1305 3527,1299 3779,1286 3907,1290 3981,1299 4071,1300 4085,1293"/>
                <Baseline points="2921,1294 4086,1294"/>
                <TextEquiv>
                    <Unicode>von 12. bis 26. dis Monnaths</Unicode>
                </TextEquiv>
            </TextLine>
            <TextLine id="tl_1748952832" custom="readingOrder {index:4;}">
                <Coords points="4102,1347 4098,1323 4083,1318 3861,1295 3744,1294 3530,1310 3398,1311 3201,1327 2978,1353 2928,1369 2923,1408 2930,1424 2959,1430 3167,1432 3352,1419 3452,1424 3632,1406 3841,1407 3964,1398 4048,1397 4100,1389"/>
                <Baseline points="2923,1396 4102,1396"/>
                <TextEquiv>
                    <Unicode>gebiehrundte Bsoldung Benent</Unicode>
                </TextEquiv>
            </TextLine>
            <TextLine id="tl_1748952855" custom="readingOrder {index:5;}">
                <Coords points="4030,1427 4024,1418 4014,1416 3809,1422 3681,1415 3381,1433 3213,1432 2997,1440 2964,1445 2934,1458 2929,1476 2929,1524 2937,1533 3194,1535 3379,1526 3584,1525 3762,1517 3984,1516 4016,1512 4028,1504"/>
                <Baseline points="2929,1505 4030,1505"/>
                <TextEquiv>
                    <Unicode>lichen Zwaintzig gulden rh.</Unicode>
                </TextEquiv>
            </TextLine>
            <TextLine id="tl_1748952847" custom="readingOrder {index:6;}">
                <Coords points="4672,1541 4665,1518 4624,1507 4594,1490 4563,1484 4538,1469 4461,1460 4392,1461 3864,1506 3516,1523 2968,1540 2943,1546 2935,1554 2932,1611 2935,1633 2943,1641 3024,1657 4023,1657 4396,1648 4576,1637 4654,1617 4670,1600"/>
                <Baseline points="2932,1607 4672,1607"/>
                <TextEquiv>
                    <Unicode>vermüg Quittung so hiebey Idest 20 f - s -</Unicode>
                </TextEquiv>
            </TextLine>
            <TextLine id="tl_1748952825" custom="readingOrder {index:7;}">
                <Coords points="2858,1960 2863,1981 2873,1983 3159,1984 3275,1971 3363,1969 3479,1949 3639,1951 3722,1945 3901,1947 3982,1938 3989,1932 3989,1890 3984,1882 3957,1875 3837,1863 3821,1853 3796,1848 3780,1834 3750,1828 3741,1820 3684,1810 3609,1807 3515,1810 3306,1839 3207,1858 3154,1859 3106,1849 3092,1829 3056,1799 2999,1797 2952,1805 2902,1834 2893,1859 2883,1870 2870,1876 2861,1891"/>
                <Baseline points="2858,1935 3989,1935"/>
                <TextEquiv>
                    <Unicode>Den 21. dito Zalte Ich Herrn</Unicode>
                </TextEquiv>
            </TextLine>
            <TextLine id="tl_1748952844" custom="readingOrder {index:8;}">
                <Coords points="4115,1988 4106,1983 4030,1969 3968,1963 3767,1957 3676,1957 3583,1963 3489,1959 3441,1963 3380,1980 3283,1994 3121,1998 2977,1992 2935,1997 2921,2002 2918,2007 2917,2077 2922,2086 3080,2088 3357,2078 3516,2063 3796,2063 3917,2073 4096,2073 4116,2066"/>
                <Baseline points="2917,2053 4116,2053"/>
                <TextEquiv>
                    <Unicode>Sebastian Feichtner Gema. Statt</Unicode>
                </TextEquiv>
            </TextLine>
            <TextLine id="tl_1748952826" custom="readingOrder {index:9;}">
                <Coords points="4000,2117 3987,2107 3896,2093 3842,2075 3789,2070 3705,2074 3636,2084 3467,2076 3429,2079 3363,2092 3239,2086 2978,2103 2915,2113 2912,2120 2912,2194 2921,2199 3151,2199 3234,2190 3321,2188 3427,2176 3561,2170 3632,2172 3715,2186 3826,2170 3940,2168 3986,2162 3999,2155"/>
                <Baseline points="2912,2166 4000,2166"/>
                <TextEquiv>
                    <Unicode>Buechhalterey Verwohnten</Unicode>
                </TextEquiv>
            </TextLine>
            <TextLine id="tl_1748952831" custom="readingOrder {index:10;}">
                <Coords points="4008,2187 4006,2183 3956,2177 3796,2177 3718,2191 3673,2195 3581,2183 3439,2184 3396,2187 3335,2199 3254,2208 3177,2208 2981,2218 2929,2228 2923,2233 2922,2290 2925,2296 2973,2298 3254,2295 3417,2281 3519,2279 3631,2270 3849,2273 3994,2266 4008,2259"/>
                <Baseline points="2922,2267 4008,2267"/>
                <TextEquiv>
                    <Unicode>sein von 10. Septembris bis</Unicode>
                </TextEquiv>
            </TextLine>
            <TextLine id="tl_1748952836" custom="readingOrder {index:11;}">
                <Coords points="4117,2301 4114,2296 4098,2291 3894,2277 3661,2276 3393,2291 3267,2304 3013,2309 2969,2314 2924,2327 2919,2342 2921,2399 3036,2401 3213,2388 3372,2390 3485,2373 3628,2379 3699,2368 3740,2366 3915,2380 4066,2380 4099,2377 4115,2371"/>
                <Baseline points="2919,2369 4117,2369"/>
                <TextEquiv>
                    <Unicode>10. Decembris dis Iahrs khünfftig</Unicode>
                </TextEquiv>
            </TextLine>
            <TextLine id="tl_1748952827" custom="readingOrder {index:12;}">
                <Coords points="4054,2398 4049,2393 4035,2390 3914,2385 3781,2372 3690,2373 3629,2379 3470,2377 3341,2398 3185,2398 2958,2424 2915,2442 2912,2490 2917,2499 2926,2501 3120,2502 3266,2497 3413,2484 3536,2487 3700,2471 3821,2472 3944,2479 3994,2477 4052,2465 4055,2451"/>
                <Baseline points="2912,2468 4055,2468"/>
                <TextEquiv>
                    <Unicode>verfallendte Quartal Diensts</Unicode>
                </TextEquiv>
            </TextLine>
            <TextLine id="tl_1748952823" custom="readingOrder {index:13;}">
                <Coords points="4077,2540 4065,2528 4023,2516 3961,2507 3903,2488 3846,2484 3669,2482 3580,2493 3509,2508 3368,2502 3260,2510 2949,2515 2910,2520 2894,2526 2891,2540 2892,2609 2895,2620 2904,2628 3042,2630 3231,2614 3293,2616 3332,2622 3381,2622 3458,2608 3632,2594 3713,2594 3842,2604 3927,2598 4047,2599 4066,2597 4076,2591"/>
                <Baseline points="2891,2593 4077,2593"/>
                <TextEquiv>
                    <Unicode>Bsoldung Benentlichen Zween</Unicode>
                </TextEquiv>
            </TextLine>
            <TextLine id="tl_1748952839" custom="readingOrder {index:14;}">
                <Coords points="3998,2622 3993,2615 3979,2611 3911,2610 3815,2615 3688,2603 3631,2605 3568,2615 3491,2621 3366,2623 3298,2615 3189,2616 3121,2632 2990,2652 2949,2663 2941,2669 2940,2720 2947,2729 2991,2731 3117,2730 3259,2723 3303,2723 3372,2730 3433,2730 3495,2725 3598,2708 3712,2698 3862,2702 3979,2698 3992,2693 3998,2685"/>
                <Baseline points="2940,2699 3998,2699"/>
                <TextEquiv>
                    <Unicode>vnnd Dreissig gulden rh.</Unicode>
                </TextEquiv>
            </TextLine>
            <TextLine id="tl_1748952849" custom="readingOrder {index:15;}">
                <Coords points="4041,2766 4029,2743 4023,2737 4009,2733 3997,2719 3946,2712 3678,2712 3550,2718 3435,2730 3144,2736 2979,2749 2936,2758 2928,2768 2927,2828 2929,2840 2945,2842 3419,2840 3588,2827 3915,2822 3985,2817 4032,2808 4040,2800"/>
                <Baseline points="2927,2808 4041,2808"/>
                <TextEquiv>
                    <Unicode>4 s vermüg Quittung so hie</Unicode>
                </TextEquiv>
            </TextLine>
            <TextLine id="tl_1748952820" custom="readingOrder {index:16;}">
                <Coords points="4672,2828 4665,2803 4595,2778 4520,2766 4424,2764 4185,2774 3911,2806 3031,2849 2910,2866 2902,2877 2904,2950 2926,2953 3779,2953 4574,2941 4646,2923 4666,2911"/>
                <Baseline points="2902,2905 4672,2905"/>
                <TextEquiv>
                    <Unicode>bey Idest 32 f 4 s -</Unicode>
                </TextEquiv>
            </TextLine>
            <TextLine id="tl_1748952848" custom="readingOrder {index:17;}">
                <Coords points="4207,3185 4204,3174 4189,3168 4056,3154 4009,3142 3983,3116 3934,3102 3874,3102 3838,3107 3719,3163 3632,3181 3504,3180 3295,3160 3232,3161 3148,3170 3091,3184 3056,3205 3046,3225 3039,3299 3023,3334 3021,3355 3051,3395 3095,3409 3136,3413 3872,3416 4050,3396 4149,3390 4194,3381 4201,3377 4206,3366"/>
                <Baseline points="3021,3336 4207,3336"/>
                <TextEquiv>
                    <Unicode>Lattus 72 f 4 s - d.</Unicode>
                </TextEquiv>
            </TextLine>
            <TextEquiv>
                <Unicode></Unicode>
            </TextEquiv>
        </TextRegion>
    </Page>
</PcGts>
