4858 4056
633 725 1886 883 Den 11. Martii Zalte Ich denen
709 879 1880 998 Officirn oder Thor Commissarien
711 993 1892 1094 die von 25. Februarii bis 11.
687 1090 1889 1198 Martii gebiehrundte Diennsts
702 1189 1847 1306 Bsoldung Benentlichen Ain
723 1302 1858 1405 vnnd Zwaintzig gulden rh.
721 1306 2346 1530 vermüg Quittung so hiebey Idest 21 f - s -
667 1690 1839 1883 Eodem die Zalte Ich denen Statt
734 1856 1966 1988 Vbergehern die mit dißem dato
709 1986 1887 2106 verfallene Diensts Bsoldung
684 2099 1898 2207 Benentlichen Ain vnnd Zwain
713 2209 1858 2325 tzig gulden rh. vermüg Quit
703 2234 2346 2441 tung so hiebey Idest 21 f - s -
665 2657 1901 2832 Ingleichen Zalte Ich Ich Geörgen
713 2811 1890 2942 Langen Hauß Khnecht im Rath
720 2919 1846 3079 hauß sein mit Quatember
902 3248 2168 3570 Lattus 42 f - s - d.
2942 635 4167 781 Reminihscere verfallene Quartal
2907 776 4180 904 Diensts Bsoldung Benentlichen
2913 891 4125 1012 Drey Zehen gulden rh. vermüg
2939 961 4609 1140 Quittung so hiebey Idest 13 f -
2904 1240 4100 1470 Den 14. dito Zalte Ich Herrn Se
2937 1445 4111 1558 bastian Feichtner Gema. Statt
2951 1542 4081 1668 Buechhalterey Verwohnten die
2968 1657 4098 1772 mit 10. Iunii dis Iahr verfal
2937 1757 4191 1871 lendte Quartal Diensts Bsoldung
2920 1860 4077 1974 Benentlichen Zween vnnd
2901 1967 4145 2087 Dreissig gulden rh. 4 s vermüg
2926 2028 4694 2216 Quittung so hiebey Idest 32 f 4 s -
2843 2378 4164 2561 Eodem die Zalte Ich Herrn Michaeln
2947 2542 4057 2673 Scheibl auch Gema. Statt Buech
2935 2655 4072 2774 halterey Verwohnten die mit
2953 2752 4050 2888 khunfftig Michaeli dis Iahr Ihme
2966 2862 4090 3007 Verfallendte Quartal Diensts
3054 3133 4299 3415 Lattus 45. f 4 s - d.
