4847 4033
685 549 1907 857 Den 28. dito Zalte Ich hinwider
729 870 1946 972 umben denen Verordneten
741 969 1928 1083 Thor Commissarien die von 14.
762 1081 1913 1193 bis 28. dits Monnaths ver
749 1193 1943 1304 fallene Diensts Bsoldung Be
741 1292 1979 1404 nentlichen Ain vnnd Zwaintzig
745 1403 1912 1535 gulden rh. vermüg Quittung
758 1431 2352 1648 so hiebey Idest 21 f - s -
648 1735 1872 1937 Den Lesten dito Zalte Ich dem
744 1920 2070 2048 Hannßen Schlag Rauchfangkhörern
735 2044 1965 2149 weegen der auf das 644.iste
731 2139 1877 2268 Iahr im Rathauß Verrichten
708 2253 1900 2374 Rauchfangkhörens die Ihme de
701 2366 1928 2493 putirliche Viertzehen gulden ver
726 2398 2346 2622 müg Quittung so hiebey Idest 14 f - s -
656 2725 1948 2981 Den 4. Februarii Zalte Ich denen
682 2967 1917 3117 Gema. Statt Verordneten Statt
829 3231 2223 3489 Lattus 35. f - s - d.
2934 638 4079 784 Vbergeher vnnd seinen mit Con
2934 777 4051 890 sorten die mit dißem dato
2933 869 4112 984 Innen verfallene Zwo Wochent
2924 979 4095 1095 liche Besoldungen Benentlichen
2916 1086 4154 1198 Ain vnnd Zwaintzig gulden rh.
2937 1156 4676 1330 vermüg Quittung so hiebey Idest 21 f - s -
2856 1450 4052 1609 Den .11. dito Zalte Ich denen Ver
2906 1596 4037 1713 ordneten Thor Commissarien die
2920 1703 4016 1815 Ihnen mit dißem dato ver
2918 1804 4095 1931 fallene Zwo Wochen Bsoldungen
2916 1924 4062 2037 Benentlichen Ain vnnd Zwain
2932 2025 4055 2151 tzig gulden rh. vermüg Quit
2911 2096 4649 2273 tung so hiebey Idest 21 f - s -
2860 2401 4038 2582 Eodem die Zalte Ich obgemelten
2915 2560 4127 2684 Statt Vbergehern die mit dißem
2910 2664 3952 2785 dato Innen verfallene Ain
2887 2777 4068 2928 Wochentliche Bsoldung Benent
2986 3092 4302 3401 Lattus 42 f - s - d.
