4899 3967
2490 199 4093 765 Empfang von
2904 709 4129 922 dem Waxkhertzler Recht
2860 1093 4067 1233 Denn Sechtzehenten Ianuarii Erlegt Micha
2945 1218 4064 1330 el Pfab Burger vnnd Waxkhertzler al
2918 1312 3993 1445 hie die gebürnus von dem Waxkhertzler
2908 1414 4004 1531 hanndl so Ime von ainem Edlen hochweisen
2851 1515 3996 1658 Statt Rath neben dem Burger Recht an
2903 1631 4030 1753 heut verlichen worden Benäntlich Zehen
2892 1733 4627 1915 gulden Reinisch Idest f. 10. s. d.
2790 2132 4062 2293 Denn viertzehenten Februarii Erlegt Ins
2897 2269 4025 2389 Ober Camrer Ambt Lorentz Wolf Burger
2896 2385 3975 2508 vnnd Waxkhertzler alhie die gebür von
2898 2484 3993 2626 dem Waxkhekltzler hanndl so ain Edler
2885 2597 4007 2731 hochweiser Statt Rath Ihme neben dem
2831 2707 3975 2858 Burgerrecht verlihen Benäntlich Zehen
2870 2766 4618 2998 gulden Reinisch Idest f. 10. s. d.
2881 3100 4027 3336 Latus 20. f reinisch
