5297 3891
844 350 1843 611 Auß der Mulner
926 594 1800 689 vnd Pegkhen Ordnung
932 679 1823 814 Straffgelt emphanng
870 879 1926 1035 Den 26 tag Augusto 1534 von
908 1022 1984 1125 hern Iohann pilhamer doctor etc
903 1105 1898 1227 der Zeit Burgermaister gegen
914 1214 1903 1313 meiner quitt emphanngen
900 1295 2021 1415 ain hundert vierundneuntzig
882 1393 1958 1517 phunt funffundreissig kr
866 1494 2054 1621 Ist Straffgelt von den Mutnern
836 1597 1909 1715 vnd pekhen dauon Ich den
841 1685 2011 1815 Rats diennern Zuuertrinkhen
849 1798 2057 1927 geben 1 γ 46    Beleibt lautt
804 1906 2490 2053 Emphanng ꞩ 192 γ 6 s 16 d
918 2155 1805 2513 Latus vnd Suma per Se
3116 328 4392 618 Gemain Einemen
3338 592 4379 711 so nicht aigen Roborigkhen hat
3294 803 4314 956 Ich hab aus dem Rathaus em
3309 918 4435 1059 phanngen 184 marckh Schinder
3308 1043 4412 1154 ling haben gehalten 2 quintet
3288 1132 4444 1261 fein Silber tut funff markh
3310 1238 4361 1359 Zwelff lot Silber Rait das
3315 1331 4401 1450 wie Ich es dem munsmaister in das
3319 1429 4375 1574 pagament verkaufft di m
3276 1526 5016 1670 vmb 10 gulden 40    tut  61 γ 2 s 20 d
3182 1787 4427 1971 Den 20 tag Iener aus vnnd Frauen
3296 1948 4411 2060 Zech durch Hannsen puchler als
3317 2043 4407 2161 Zechmaister Zu hannden gemainer
3323 2137 4436 2249 Stat Zum Stat gebeu emphangen
3331 2226 4383 2339 120 γ d vngrisch gelt Zu 80 d fur
3330 2294 4833 2440 ain gulden Zeraitten   ꞩ 120 γ d
3290 2560 4414 2693 Vmb 13 metzn waitz so von der eich
3321 2658 5070 2794 vberbeliben dem Neser verkhaufft per 7 γ 4 s 28 d
3384 2917 4472 3108 Latus 188 γ 7 s 18 d
