4939 4112
682 697 2073 856 auf 3 Wochen 3. täg ruckhstendig Verblibene
677 848 2094 958 Bsoldung mit Neünzehen gulden rh. 6 s.
693 884 2382 1087 4 d. gegen Quittung hiebey Idest 19 f 6 s 4.
649 1164 2093 1339 Den 26. dito zalte Ich denen Aufsehern Vnder
681 1327 2198 1453 denen Stattthörn Ihre anheunt Verfallene Vier Wochentl.
686 1445 2095 1578 Bsoldung mit Sechs vnd Funfftzig gulden
676 1508 2331 1717 auf Ihr zwo Quittungen hiebey Idest 56 f - "
642 1795 2056 1937 Deßgleichen denen Bettl gsindts Aufsehern
666 1928 2093 2049 Ihre anheunt Verfallene Vier Wochentliche Besol
680 2041 2104 2153 dung mit Zway vnd Dreyssig gulden rh.
678 2090 2353 2289 lauth zweyer Quittungen hiebey Idest 32 f - "
661 2389 2061 2541 Den 2. Nouembr. zalte Ich dem Iacob Lutzen
691 2538 2079 2648 perger Burger Vnd Mößern bey Vasern
708 2651 2046 2758 Herrn sein den letzten October Verfallene
670 2756 2086 2887 halb Iährige Bsoldung mit Sechs vnd Zwain
663 2858 2341 3035 Zig gulden rh. auf sein Quittung hiebey Idest 26 f - "
664 3070 2100 3254 Den 16. dito zalte Ich dem Iacoben Schwärtzl
900 3330 1870 3624 Lattus 133 f 6 s 4 d.
2888 557 4212 717 Burger Vnd Gmr. Statt Wienn Ober Camer
2874 707 4227 844 Ambts Remanentzern sein den 11. diß Ver
2902 812 4234 951 fallene Quartalls Bsoldung mit Funfftzig
2883 922 4556 1089 gulden rh. Innhalt Quittung hiebey Idest 50 f - "
2865 1149 4237 1309 Dito zalte Ich dem Mathia Adam Peickhardt
2880 1290 4245 1420 Gmr. Statt Cantzley Verwohnten sein angestern
2872 1398 4213 1523 Verfallene Quartalls Bsoldung mit Zway
2895 1510 4208 1653 vnd Sechzig gulden rh. 4 s. Vermög Quit
2889 1629 4641 1799 tung hiebey Idest 62 f 4 s.
2865 1855 4133 1995 Den 18. dito zalte Ich dem Michael Motz
2899 1976 4210 2098 Burgern Vnd Rumormaistern die für Ihm
2885 2087 4233 2214 Vnd seine Vnderhabente 16. Knecht anheunt Ver
2893 2205 4238 2326 fallene Monnathliche Bsoldung mit Fünff
2897 2313 4242 2455 vnd Neüntzig gulden rh. lauth gefert
2892 2425 4622 2590 tigter Roll hiebey Idest 95 f - "
2865 2639 4227 2801 Den 23. dito zalte Ich denen Aufsehern
2868 2786 4216 2913 Vnder denen Statthörn Ihre anheunt Ver
2905 2899 4247 3048 fallene Vier Wochentliche Bsoldung mit Sechs
3109 3120 4053 3384 Latus 207 f 4 s.
