4939 4096
3053 216 4098 651 Außgab
2935 636 4188 799 auf die Burgerschuell bey St.
3240 766 3612 887 Stephan
2807 897 4186 1082 Den 16. Martii Anno 1686. zalte Ich Herrn
2864 1073 4205 1195 Ioseph Hueffnagl Rectorn auf der Burger
2870 1185 4184 1315 schuell sein angestern Verfallene Quartalls
2872 1307 4204 1436 Bsoldung mit Fünff vnd Sibentzig gul
2885 1431 4548 1586 den rh. lauth Quittung hiebey Idest 75 f - "
2803 1656 4202 1825 Den 15. Iunii zalt die anheut Verfal
2878 1805 4186 1930 lene Quartalls Bsoldung mit Fünff vnd
2871 1924 4199 2063 Sibentzig gulden rh. ut Quittung hie
2860 2058 4575 2215 bey Idest 75 f - "
2824 2294 4184 2486 Den 15. Septembr. zalt die anheunt Ver
2875 2469 4193 2596 fallene Quartalls Bsoldung mit Fünff vnd
2881 2594 4179 2744 Sibentzig gulden rh. gegen Quittung hiebey
2909 2709 4570 2835 Idest 75 f - "
2837 2842 4227 3043 Den 15. Decembr. zalte Ich Herrn Rectori
3117 3160 3878 3333 Latus 225 f - "
