4949 4091
682 679 2034 842 vnd Funfftzig gulden rh. krafft Zweyer
689 801 2323 957 Quittungen hiebey Idest 56 f - "
648 1046 2088 1187 Inngleichen deren Vier Bettlgesindts Aufsehern
700 1172 2047 1301 in der Statt Ihre anheunt Verfallene Vier
678 1287 2095 1417 Wochentliche Bsoldung mit Zway vnd Dreyß
685 1408 2070 1550 ßig gulden rh. lauth zweyer Quittungen
683 1515 2336 1656 hiebey Idest 32 f - "
648 1750 2083 1909 Den 28. dito zalte Ich Herrn Iohann Gabriel
672 1904 2063 2021 Gallermayr Med. Doctor Vnd Mag. Sanitatis
692 2022 2065 2144 in der Statt sein anheunt Verfallene Quar
683 2133 2074 2258 talls Bsoldung mit Siben vnd Dreyssig
673 2171 2384 2381 gulden rh. 4 s. ut Quittung hiebey Idest 37 f 4 s.
646 2474 2033 2630 Den 29. dito zalte Ich Herrn Huberto Von
691 2621 2007 2737 der Heyden Med. Doctor Vnd Magister
682 2725 2054 2854 Sanitatis in dem Latzareth sein den 26. diß
655 2835 2079 2971 Verfallene Quartalls Bsoldung mit Funff
667 2964 2035 3107 zig gulden rh. auf sein Quittung hie
684 3031 2318 3228 bey Idest 50 f - "
933 3288 1795 3540 Latus 175 f 4 s.
2847 492 4263 710 Dito zalte Ich Herrn Frantz Schreyer deß
2908 697 4258 824 Aussern Raths Vnd Gmr. Statt Secretario
2921 794 4287 937 sein den lezten diß Verfallene Vnderschiedliche
2915 911 4232 1040 deputata mit Ainhundert Zway vnd
2890 1031 4229 1195 Funfftzig gulden rh. 4 s. Innhalt Quit
2947 1144 4697 1308 tung hiebey Idest 152 f 4 s.
2883 1371 4264 1529 Inngleichen zalte Ich dem Alexander Augustin
2879 1506 4260 1627 de Grandi Gmr. Statt Cantzley Verwahnten
2905 1602 4271 1737 sein den 27. diß Verfallene Quartalls Bsol
2921 1728 4257 1855 dung mit Zway vnd Sechzig gulden rh.
2896 1819 4693 1998 4 s. Vermög Quittung hibey Idest 62 f 4 s.
2859 2070 4249 2230 Den 7. Decemb. stelle Ich per Außgaab
2909 2204 4280 2328 die Vnderschidlich Gmr. Statt bedienten durch
2919 2326 4260 2466 die gewöhnliche Zahlungs täg entricht an
2898 2442 4248 2576 heunt auf 52. Wochen Verfallene Bsoldung
2879 2567 4264 2711 Alß beeden Brodtbschauern Mathia Huber
2900 2689 4273 2822 Vnd Iohann Iacob Gschidrich ieden Wochent
2908 2810 4284 2982 lich 10 s bringt Ainhundert Dreyssig
3186 3073 3962 3304 Latus 215 f - "
