4949 4085
692 570 2096 749 Sechzig gulden rh. 4 s Krafft Quittung hie
706 710 2365 874 bey Idest 62 f 4 s
675 941 2067 1098 Nicht weniger zalte Ich dem Conradt dopler
696 1088 2069 1219 Gmr. Statt Prothocollisten sein anheunt Ver
704 1210 2019 1342 fallene Quartalls Bsoldung mit Funfftzig
701 1324 2327 1484 gulden rh. gegen Quittung hiebey Idest 50 f - "
667 1537 2065 1706 Auch zalte Ich dem Christoph thumer todten
668 1696 2005 1821 Zetlschreibern sein anheunt Verfallenes
690 1822 2081 1977 Quartall mit Siben gulden rh. 4 s. lauth
704 1868 2365 2090 Quittung hiebey Idest 7 f 4 s.
641 2151 2017 2330 Inngleichen zalte Ich dem Frantz Gebhardt
671 2317 2042 2452 Ober Camer Ambtschreibern sein anheunt Ver
692 2442 2044 2580 fallene Iahrs Bsoldung mit Zwaintzig gul
689 2543 2335 2729 den rh. auf sein Quittung hiebey Idest 20 f - "
846 2863 1761 3155 Latus 140 f - "
2831 1274 4221 1444 Suma Außgaab auf Ambtleüth
2923 1428 4191 1550 vnd Diener Bsoldungen benent
2920 1534 4157 1679 lichen Neüntzehen Taußent
2879 1639 4262 1812 Zwayhundert vnd Sibentzehen gul
2940 1792 3479 1938 den rh. 4 s 8 d.
3283 1925 4240 2275 19217 f 4 s 8 d.
