4765 4080
613 670 1946 836 Alß hab Ich hierauf Vermüg Raths De
718 821 1935 924 cret hiebey die abschreibung gethonn
697 913 1975 1026 vnd die vnderschribene Steur Zetl Per
698 919 2296 1137 Mihui ihr g. überantworttet Idest 225. f 2 s 20 d
720 1239 1989 1389 Den 5. Februarii Zalte Ich dem Lucaß
748 1383 1985 1499 en feitligscheckh wegen des durch denn
745 1475 2043 1579 vor Prün gelegenen feindts dem Marckht
738 1577 2025 1688 Lauthschitz abgebrendten Kierchen Thurns
753 1689 2001 1791 vnd Zerschmoltzenen Gloggen die Zur bey
739 1790 1984 1895 hilff mit g. angeschaffte Vier gulden
742 1887 1956 1984 Rein. Vermüg Anbringen vnnd
740 1982 1984 2113 darauf gestelten Quittung so hiebey
1756 2010 2288 2179 Idest 4 f - s -
695 2222 2011 2384 Den 6. dito betzalte Ich dem Geörg Lang
744 2374 1965 2490 Haußknecht im Rathhauß die Ihme
742 2482 1973 2584 von ainem Löblichen Statt Rath Zum
738 2590 1969 2698 Neuen Iahr angeschaffte Zehen gulden
739 2688 2022 2783 rh. vermüg Anbringen vnd darauf
747 2692 2287 2900 gestelten Quittung hiebey Idest 10 f - s -
640 2954 2092 3123 Den bemelten Tag beZalte ich dem Hanß
817 3298 2054 3534 Lattus ./. 1239. f 2 s. 20 d.
2734 621 3955 739 Reinhardten Zeller von Zellers hoffen
2743 736 4002 845 Khayser. aufwarther vnnd hoff diener
2754 834 4043 937 den Ienigen Zuuor von seinen Verkhaufft
2758 927 3950 1035 en Hausels am Hoff in Gem. Statt
2739 1021 4012 1125 Steur Ambt bezalten aber mit g. wider
2763 1116 4006 1233 umben geschenckhten Steur Ausstandt
2755 1226 3948 1334 Benentlichen Süben vnd Zwaintzig
2759 1332 3982 1431 gulden rh. vermüg Anbringen dar
2747 1428 3986 1544 auf eruolgten beschaidt vnd gestelten
2751 1506 4479 1656 Quittung Hiebey Idest 27. f - s -
2706 1717 3970 1861 Den 10. dito beZalte ich dem Christian
2770 1855 3986 1956 von Walßdorff Minir Haubtman die
2786 1950 3977 2050 mit g. angeschaffte drey gulden rh.
2778 2040 4491 2179 Vermüg Anbringen Hiebey Idest 3. f - s -
2752 2216 3982 2349 Den 13. dito Zalte Ich Herrn Wolffen
2766 2340 3964 2449 Aigner des Aussern Raths das Ihme
2786 2438 4016 2539 von 14. Ianuarii bis 11. dito Verfall
2768 2535 4023 2650 ene Monatliche Deputat Benentlichen
2768 2634 4021 2759 Zehen gulden rh. vermüg Quittung so
2799 2718 4518 2866 Hiebey Idest 10. f - s -
2702 2886 4020 3053 Den 22. dito Zalte Ich Herrn Iohann
2921 3240 3895 3489 Lattus ./. 40. f - s -
