4797 4097
663 524 1972 787 Den 6. dito Zalte Ich auch Gem. Statt
723 779 1988 882 Wienn vnderhabenden Vier Stundt
741 885 1995 992 oder feur Rueffern die Ihnen Zur Re
738 992 1982 1095 compens angeschaffte Zwaintzig gulden
751 1094 1960 1188 rh. Vermüg Anbringen darüber
739 1182 2040 1297 eruolgten bericht vnd absonderlichen
755 1252 2335 1382 Quittung hiebey Idest 20. f - s -
704 1444 1997 1589 Den 8. dito Zalte Ich dem Peter Schoff
753 1583 1994 1690 Petsch den Ihme angeschafften Reichs
750 1676 1971 1802 Thaller Vermüg Schreibens Hiebey
1807 1668 2324 1901 Idest 1 f 4 s -
677 1991 2070 2142 Eodem die bring Ich in Außgaab vmb
755 2133 2018 2232 willen der durch die herrn P. Domini
768 2232 1985 2335 caner ainem Löbl. Statt Rath offer
768 2327 1959 2429 ierten Thesibus die Zur verehrung
734 2427 1984 2535 mit g. angeschaffte Zwainzig Reichs
742 2451 2325 2633 Taller vermüg Decret hiebey Idest 30. f - s -
694 2711 2027 2889 Den 13. dito gabe Ich dem Iohann Haller
745 2878 2001 2984 den Zum Almosen angeschafften halben
733 2972 2053 3094 Reichs Taller vermüg Anbringen Hiebei
1822 2973 2321 3192 Idest f 6 s -
834 3279 1936 3483 Lattus ./. 52. f. 2 s -
2732 640 3951 769 Eodem die Zalte Ich der Anna Sophia
2793 761 4000 866 Schwennkherdin den Zum Allmosen an
2791 865 4053 981 geschafften ain gulden rh. vermüg An
2816 965 4552 1125 bringen Hiebey Idest 1 f - s -
2756 1159 4036 1315 Eodem die bring Ich hiemit in Außgab
2800 1303 4048 1409 demnach des Wohlgebohrnen herrn herrn
2800 1390 3980 1500 Matthiasen Freyherrn von vnd Zu
2787 1491 3989 1600 Goldteckh der Röm. Kay. May. ge
2788 1587 3972 1703 haimben Raths vnd N.Ö. Hoff Cantz
2814 1696 4028 1817 lers frawen gemahlin Gebuertstag
2804 1792 4055 1894 beykhomben vnd Zu einer gratulation
2808 1889 4106 2011 ein Silber geschier Per 50. Reichs Taller
2804 1988 4009 2101 Zur Verehrung angeschafft worden
2799 2080 4032 2198 Als hab Ich solche Thaller anderwerths
2812 2188 4040 2293 eingewechselt vnd die Täscha darumb
2803 2282 4071 2394 en Per 2. f. 4. s. vermüg Decret Hie
2821 2384 4526 2512 bey bezahlt Idest 77 f. 4 s -
2784 2546 4067 2707 Mit obstehenden dato bring Ich Hiemit
2825 2697 4061 2803 in Außgab die Ienige fraw Anna
2817 2790 4034 2898 Maria Mayrin vmb willen Ihres ab
2811 2880 4004 3008 geleibten Eheherrns Iohann Härings
2962 3120 3920 3403 Lattus ./. 78. f. 4. s -
