4789 4053
834 703 1884 819 gedachter Reg. Cantzley Iähr
831 820 1870 916 lichen Verehrt werden Ver
855 855 2245 1030 müg Quittung so Hiebey Idest 15. f - s -
780 1088 1872 1210 Den 16. dito Zalte ich der Anna
828 1207 1847 1300 Barbara Khüttnerin Armen
855 1299 1913 1411 Wittib die ihr Vermüg Anbring
887 1403 1879 1506 en vnd darauf gestelten Quitt
875 1498 1868 1602 ung von einem Löblichen Statt
853 1606 1923 1719 Rath Zu Conducierung ihres Mauß
883 1721 1875 1817 als gewesten Vngeldts dieners
877 1824 1895 1945 auß g. angeschaffte Zwaintzig
892 1851 2287 2000 gulden Idest 20. f - s -
813 2101 1890 2232 Den 16. dito Zahlte ich dennen
886 2226 1899 2326 herrn Carmulitanern alhier Zu
886 2321 1906 2442 abtzallung ihres Apodeckhen Vn
884 2440 1902 2534 costens die von einem Löb.
883 2535 1905 2638 Statt Rath Ihnen mit g. ange
894 2637 1910 2753 schaffte Zwelff gulden vermüg
887 2739 1958 2836 Anbringen vnd darauf gestelt
905 2763 2305 2966 en Quittung so Hiebey Idest 12 f - s -
996 3213 1916 3437 Lattus ./. 47. f - s -
2723 577 3934 706 Eodem die Zalte ich einer Löblichen
2778 702 3986 801 N.Ö. Regierung verordneten beeden
2775 803 3986 909 Thierhüettern Zu einer Neuen Iahrs
2815 896 4002 999 Verehrung Benentlichen Sechs gul
2795 993 3999 1112 den rh. Vermüg Quittung so Hiebey
3762 1089 4488 1235 Idest 6. f - s -
2716 1267 3972 1410 Eodem die Zalte ich dem Herrn Nico
2795 1402 4007 1507 len Zarawetzkhy Phlia. et Media
2788 1503 4020 1620 dr. als Khönig. Pollnischen vnd Schwed
2790 1606 4010 1704 ischen Matematico wegen seiner ein
2797 1696 4001 1801 em Löblichen Statt Rath Dedicierten
2782 1800 4037 1913 Callender die ihme Zur g. angeschaffte
2785 1900 4031 2000 Zwainzig Reichs Taller vermüg herrn
2795 1991 3974 2104 Cohmeronii Buechdruckher gestelten
2789 2091 4060 2204 Quittung vnd Anbringen so Hiebey
3795 2179 4497 2322 Idest 30. f - s -
2733 2361 4040 2507 Anbemelten Tag Zalte ich dem Herrn
2780 2502 4052 2598 Wolffen Aigner das von ainem Löbl.
2785 2592 4043 2703 Statt Rath den 17. december bis 14.
2817 2695 4041 2793 Ianuarii dis Iahrs verfallene gewöhn
2805 2788 4058 2900 liche Deputat Benentlichen Zehen gulden
2805 2887 4508 3052 Vermüg Quittung so Hiebey Idest 10. f - s -
2879 3089 3851 3374 Lattuß ./. 46 f - s -
