4758 4080
2571 224 3858 696 Ausgab Auf Be
2941 683 3769 824 schanckh vnd Verehrungen
2801 839 3861 987 Den 15. Ianuarii Anno etc. 1649. be
2849 975 3834 1070 Zalte ich herrn M. Ioanni Ben
2869 1066 3894 1174 ceslao Mayr Mediæ Candidato
2867 1173 3862 1260 vmb willen er einen Löblichen
2860 1257 3839 1365 Statt Rath Zu ainer glückhsee
2875 1353 3882 1461 ligen Neuen Iahrs Wintschung
2875 1448 3850 1545 etliche eingebundtene Callen
2863 1544 3899 1651 der Dediciert die ihme Zu einer
2860 1647 3874 1753 Recompens auß g. angeschafften
2863 1742 3836 1847 Sechtzehen Reichs Taller ver
2879 1841 3857 1934 müg Dedicierten Anbring
2893 1937 3876 2047 en vnd darauf gestelten Quitt
2899 2040 4402 2182 ung so Hiebey Idest 24. f - s -
2843 2224 3910 2351 Eodem die Zalte ich Herrn Wolf
2873 2344 3828 2448 Cristophen Pruntzen N.Ö.
2890 2444 3881 2540 Regl. Taxatorn die Ienigen
2888 2538 3859 2649 funfftzehen gulden rh. welche
2887 2639 3860 2763 vmb mehrerer befierderung
2887 2733 3897 2864 Von Gem. Statt Wienn wohl
2913 2944 3683 3217 Lattus per see.
