4781 4071
2568 198 3841 704 Ausgab Aiff
2970 698 3813 834 Klaidung vnd Opfergeldt
2858 928 3880 1052 Den 10 Xbr. Zalte Ich dennen
2879 1049 3885 1158 geschwornen drey Raths dien
2907 1140 3899 1241 ern das Ihnen auf dises Iahr
2891 1237 3900 1342 gebiehrundte Claider geldt als
2869 1334 3867 1435 Ieden Acht Zusamben aber Be
2916 1431 3904 1535 nentlichen Vier vnnd Zwainzig
2905 1526 3923 1635 gulden rh. lauth Quittung Hie
2907 1574 4382 1742 bey Idest 24 f - s -
2729 1786 3883 1972 Gleichsfahlß wierdt auch daß
2909 1965 3872 2065 für dem Ober Camer Ambts
2887 2067 3858 2176 Remanenzer auf diß Iahr
2896 2168 3921 2268 gebiehrunde Klaider geldt als
2887 2262 3897 2369 Benentlichen Sechs gulden rh.
2921 2364 3867 2482 in Außgaab eingebracht
3565 2456 4433 2640 Idest 6. f - s -
2994 2729 3997 3173 Lattus ./. 30 f - s -
