5157 4023
738 633 1999 802 Benentlichen Ainhundert gulden
792 780 2545 950 rh. vermüg Quittung so hiebey Idest 100. f - s -
760 1056 1940 1203 Den .12. dito Zalte Ich frauen Anna
794 1193 2017 1309 Barbara Carlin vorhero Lehenerin
790 1291 1881 1395 von denen durch Ihren Eheherrn
778 1388 1932 1486 Wey. Herrn Christaphen Lehener etc
785 1466 2020 1576 Zu Gema. Statt angelegten Capital
778 1569 1950 1677 das auf dis Iahr verfallene Inte
743 1669 1998 1781 resse Benentlichen Neüntzig gul
724 1737 2521 1917 den rh. ut Quittung so hiebey Idest 90 f - s -
722 2005 1901 2165 Den bemelten tag Zalte Ich Herrn
759 2151 1939 2279 Christophero Stotzen Leuiten Zue St.
773 2228 1977 2373 Stephann weegen des Beneficii ad
769 2361 1930 2480 Saluatorem Zu Quatember Michaeli
773 2476 1940 2587 dis Iahr verfallene deputat Be
746 2574 1896 2679 nentlichen Sechs vnnd funfftzig
770 2584 2554 2810 gulden rh. ut Quittung hiebey Idest 56 f - s -
746 2881 2008 3087 Eodem die Zalte Ich mehr ermeltem
829 3152 2289 3419 Lattus 246 f - s - d.
3191 536 4346 725 Herrn Stotzen weegen der ab
3195 723 4394 837 sonderlich bey St. Saluator geleßenen
3187 827 4414 940 Mösßen von St. Georgi bis Michaeli
3196 927 4425 1046 dis Iahr Zuraithen das gebiehrendte
3199 1030 4285 1146 deputat Benentlichen Dreissig
3196 1133 4310 1254 gulden rh. vermüg Quittung so
3159 1197 4914 1378 hiebey Idest 30 f - s -
3093 1393 4456 1557 Mehrmals Zalte Ich Ihme Herrn Stotzen
3172 1552 4405 1668 weegen des Beneficii S. S. Trinitatis
3181 1656 4319 1775 das mit Michaeli dis Iahr gebiehr
3143 1761 4242 1876 endte deputat Benentlichen
3184 1869 4239 1991 Zwaintzig gulden rh. vermüg
3179 1926 4913 2121 Quittung so hiebey Idest 20 f - s -
3114 2241 4340 2412 Den bemeltem tag Zalte Ich Iacoben
3167 2399 4370 2522 Mackhen Burgerlichen Peckhen alhier
3169 2509 4254 2633 weegen seiner hergelichenen
3168 2614 4280 2731 Ainhundert gulden Capital die
3177 2715 4322 2829 dauon verfallene anderhalb Iahr
3157 2821 4325 2963 ige Interesse Benentlichen
3186 3056 4521 3336 Lattus 50 f - s - d.
