5148 3987
823 636 2150 789 nentlichen Vier gulden 4. s. ver
815 742 2556 916 müg Quittung so hiebey Idest 4 f 4 s -
780 1033 2043 1185 Den .10. dito beZalte Ich Hannsen
835 1178 2061 1290 Hochstain Burgerlichen Glasern
840 1270 2030 1385 von seinen Zu Gema. Statt her
831 1379 2078 1485 gelichenen Ainhundert gulden Ca
812 1472 2107 1581 pital das dauon verfallene an
800 1566 2111 1681 derhalb Iahrige Interesse Benent
812 1668 2070 1781 lichen Neün gulden rh. vermüg
806 1715 2569 1899 Quittung so hiebey Idest 9 f - s -
785 2014 2058 2191 Ingleichen beZalte Ich dem Geörg
808 2162 2105 2279 Neupper Burger vnnd Greißlern
822 2260 1975 2374 von seinen dargelichenen Ain
796 2347 1987 2461 hundert gulden Capital den an
784 2446 1962 2554 derhalb Iahrig verfallene Inte
756 2535 2102 2650 resse Benentlichen Neün gulden
792 2633 2510 2788 vermüg Quittung so hiebey Idest 9 f - s -
798 2887 2108 3053 Eodem die Zalte Ich Herrn Hannsen
851 3147 2149 3401 Lattus 22 f 4 s - d.
3129 635 4373 773 Bramber des Aussern Raths vnd
3118 767 4300 872 Spitlmaistern weegen des Lein
3093 869 4406 976 wathauß anligendten Aintausent
3110 969 4303 1069 gulden Capital das von Georgi
3137 1070 4295 1173 bis Michaelii .643. verfallene halb
3130 1171 4269 1267 Iahrige Interesse Benentlichen
3114 1263 4329 1363 fünff vnnd Zwaintzig gulden rh.
3129 1324 4903 1499 vermüg Quittung so hiebey Idest 25 f - s -
3100 1617 4401 1777 Den .12. dito Zalte Ich Herrn Geörgen
3149 1757 4279 1869 Haberle handlsman alhier von
3157 1858 4359 1973 seinen dargelichenen Dreyhundert
3159 1957 4323 2069 gulden Capital das auf dis Iahr
3132 2059 4356 2169 dauon verfallene Interesse Be
3090 2159 4344 2263 nentlichen Achtzehen gulden rh.
3124 2247 4883 2433 vermüg Quittung so hiebey Idest 18 f - s -
3062 2574 4461 2728 Den .20. dito Zalte Ich Herrn Friderichen
3111 2704 4301 2845 Höffer gewesten Khay. Statt Rich
3104 2827 4288 2981 tern weegen seiner anligendt
3130 3150 4414 3424 Lattus 43 f - s - d.
