5161 4010
794 473 2132 784 Den .26. dito Zalte Ich Herrn Hart
869 766 2109 881 man Drachen des Innern Raths
868 870 2005 986 vnnd der hauß Armen Leuth
864 975 1975 1095 Laadt Verwaltern in abschlag
856 1085 2039 1194 der dahin gehörigen Interessen
854 1181 2154 1297 Benentlichen Zwayhundert gulden
843 1244 2545 1425 rh. ut Quittung so hiebey Idest 200 f - s -
783 1512 2025 1663 Den .28. dito Zalte Ich auch Herrn
840 1654 2072 1771 Casparo Gorizuti Thumbherrn Zu St.
849 1761 2018 1860 Sephann die Ihme weegen der
843 1851 2029 1964 Purckh Capellen auf dis Iahr Zue
837 1959 2010 2070 stendige Dreyhundert gulden
837 2017 2518 2196 vermüg Quittung so hiebey Idest 300 f - s -
754 2312 2050 2476 Den .29. dito Zalte Ich dem Capitl
818 2456 2142 2575 Neutra weegen Ihres anligendten
827 2562 2076 2679 Capitals das mit Michaeli diß
810 2670 2044 2785 Iahrs verfallene Interesse Be
790 2769 2117 2876 nentlichen Ainhundert Neüntzig
813 2835 2554 3002 gulden rh. ut Quittung hiebey Idest 190 f - d -
867 3098 2261 3332 Lattus 690 f - s - d.
3046 572 4374 749 Ebens fals Zalte Ich herrn Andreen
3096 733 4338 865 Stephann Leuiten Zu St. Stephann
3125 842 4311 956 weegen der Michael funckhischen
3140 947 4279 1064 Stifftung das mit Michaeli dis
3132 1046 4396 1174 Iahr verfallene Interesse Benent
3109 1168 4360 1278 lichen Zween gulden .4. s vermüg
3125 1247 4898 1403 Quittung so hiebey Idest 2 f 4 s -
3078 1524 4302 1685 Den Lesten dito Zalte Ich in das
3112 1678 4369 1798 alhieige Profeßhauß das auf diß
3106 1787 4338 1901 Monath verfallene deputat Be
3091 1888 4313 2006 nentlichen funfftzig gulden rh.
3107 1951 4865 2147 vermüg Quittung so hiebey Idest 50 - s -
3057 2235 4348 2399 Den Lesten dito Zalte Ich von denen
3123 2384 4312 2509 Iacob Berchtoldtischen nach auf dis
3115 2491 4325 2600 datum anligendten Capitals
3110 2582 4323 2707 der fünff Tausent Dreyhundert
3114 2684 4317 2787 Neun vnnd Sibentzig gulden
3121 2768 4359 2917 2 s. 16. d. das von Lesten Augustii
2947 3020 4555 3295 Lattus 52. f 4. s - d.
