5141 4031
771 650 2094 803 funfftzehenhundert gulden Capital
815 796 2090 908 das dauon verfallene Interesse
815 903 2089 1009 Benentlichen fünff vnnd Sibentzig
812 999 2168 1122 gulden rh. vermüg Quittung so hiebey
1895 1042 2553 1197 Idest 75 f - s -
757 1262 2048 1400 Ich beZalte auch Herrn Iohann Prug
790 1390 2029 1503 ger Chormaistern Zu St. Stephann
789 1493 2099 1593 weegen der Stephann Leutnerischen
795 1584 2041 1696 gestifften Sechshundert Siben vnnd
808 1664 2008 1786 Sibentzig gulden .5. s 1 d. das mit
799 1773 2017 1883 6. october dis Iahr dauon verfal
784 1872 1940 1992 lene Interesse Benentlichen
775 1982 1964 2089 Drey vnnd Dreissig gulden 6 s
810 2078 2024 2214 24 d. vermüg Quittung so hiebey
826 2135 2533 2303 Idest 33 f 6 s 24
739 2362 2052 2505 Den .7. dito Zalte Ich auch denen herrn
770 2493 2019 2598 Barnabiten bey St. Michael wegen
795 2593 2071 2703 der Geörg Geörgerischen Stifftung
790 2694 1999 2805 das auf dis Iahr verfallene In
771 2796 2038 2905 teresse Benentlichen Zehen gulden
786 2851 2500 3031 vermüg Quittung so hiebey Idest 10 f - s -
821 3179 2158 3410 Lattus 118 f 6 s 24 d.
3068 548 4400 734 Ingleichen beZalte Ich Gemelten herrn
3123 726 4344 844 Barnabiten weegen der Hannß
3125 832 4373 948 Pruckhnerischen Stifftung das dauon
3130 936 4342 1049 auf dis Iahr gebiehrendte Interesse
3106 1026 4288 1154 Benentlichen funfftzig gulden rh.
3109 1108 4886 1271 vermüg Quittung so hiebey Idest 50 f - s -
3070 1402 4230 1535 Den .7. dito Zalte Ich dem Casparn
3115 1531 4294 1640 Landtman Burger vnnd handlß
3114 1634 4250 1740 man alhier von seinen Anno 642.
3111 1735 4294 1836 dargelichenen Ainhundert funff
3105 1826 4375 1930 tzig gulden das dauon verfallene
3112 1922 4315 2030 anderhalb Iährige Interesse Be
3108 2017 4339 2134 nentlichen Drey Zehen gulden .4. s
3107 2104 4874 2273 vermüg Quittung so hiebey Idest 13 f 4 s -
3051 2435 4273 2568 Den .9. dito beZalte Ich dem Anndree
3116 2571 4286 2689 Reütter Schuestern von seinen Anno
3115 2679 4336 2806 642. dargelichenen funfftzig gulden
3112 2786 4241 2889 Capital das dauon verfallene
3116 2878 4318 3025 anderhalb Iahrige Interesse Be
3230 3126 4448 3362 Lattus 63. f 4. s - d.
