<?xml version="1.0" encoding="UTF-8" standalone="yes"?>
<PcGts xmlns="http://schema.primaresearch.org/PAGE/gts/pagecontent/2013-07-15" xmlns:xsi="http://www.w3.org/2001/XMLSchema-instance" xsi:schemaLocation="http://schema.primaresearch.org/PAGE/gts/pagecontent/2013-07-15 http://schema.primaresearch.org/PAGE/gts/pagecontent/2013-07-15/pagecontent.xsd">
    <Metadata>
        <Creator>prov=READ-COOP:name=PyLaia@TranskribusPlatform:version=2.27.0:model_id=327853:lm=provided:date=20_05_2025_12:45</Creator>
        <Created>2025-05-20T10:00:27.401+02:00</Created>
        <LastChange>2025-05-23T10:33:03.273+02:00</LastChange>
        <TranskribusMetadata docId="8584475" pageId="97257240" pageNr="191" tsid="244460657" status="IN_PROGRESS" userId="261754" imgUrl="https://files.transkribus.eu/Get?id=GKYZKOHYJJDTMZLHCYIGFVSJ&amp;fileType=view" xmlUrl="https://files.transkribus.eu/Get?id=TYWGEZGRFYNSDGJSHKRHGGKG" imageId="81503105"/>
    </Metadata>
    <Page imageFilename="97257240.tif" imageWidth="5128" imageHeight="4052">
        <ReadingOrder>
            <OrderedGroup id="ro_1747989183274" caption="Regions reading order">
                <RegionRefIndexed index="0" regionRef="region_151284052"/>
                <RegionRefIndexed index="1" regionRef="region_251284052"/>
            </OrderedGroup>
        </ReadingOrder>
        <TextRegion id="region_151284052" custom="readingOrder {index:0;}">
            <Coords points="0,0 2564,0 2564,4052 0,4052"/>
            <TextLine id="tl_1747731572" custom="readingOrder {index:0;} unclear {offset:0; length:16;}">
                <Coords points="797,710 798,796 814,806 846,810 1272,811 1635,802 1856,809 1996,792 2002,781 2000,723 1990,714 1948,698 1850,681 1682,673 1556,662 1471,663 1377,682 1338,687 1292,687 1167,675 858,658 805,677"/>
                <Baseline points="797,772 2002,772"/>
                <TextEquiv>
                    <Unicode>Kherttenkhalchin Wittib von Ihren</Unicode>
                </TextEquiv>
            </TextLine>
            <TextLine id="tl_1747731560" custom="readingOrder {index:1;}">
                <Coords points="798,827 799,907 809,914 832,916 1105,915 1248,904 1297,905 1378,915 1433,915 1612,902 1862,910 1951,908 2000,904 2011,899 2014,889 2013,828 2007,820 1993,816 1911,816 1817,823 1741,816 1531,812 1270,815 856,810 810,814 801,818"/>
                <Baseline points="798,888 2014,888"/>
                <TextEquiv>
                    <Unicode>Zu Gema. Statt Anno .642. dargelich</Unicode>
                </TextEquiv>
            </TextLine>
            <TextLine id="tl_1747731552" custom="readingOrder {index:2;}">
                <Coords points="2038,931 2031,921 2020,918 1886,920 1809,915 1567,911 1401,920 1241,915 1131,927 840,934 793,944 780,951 781,1004 790,1009 834,1014 1102,1022 1245,1022 1336,1012 1418,1012 1511,1020 1739,1012 1853,1013 1979,1005 2036,996"/>
                <Baseline points="780,992 2038,992"/>
                <TextEquiv>
                    <Unicode>enen fünffhundert gulden Capital</Unicode>
                </TextEquiv>
            </TextLine>
            <TextLine id="tl_1747731574" custom="readingOrder {index:3;}">
                <Coords points="1994,1062 1990,1041 1976,1032 1914,1020 1864,1016 1702,1016 1598,1024 1205,1027 1103,1019 848,1023 793,1032 786,1042 785,1093 789,1103 809,1110 956,1120 1258,1121 1403,1110 1457,1110 1617,1122 1927,1122 1970,1119 1988,1113 1993,1104"/>
                <Baseline points="785,1094 1994,1094"/>
                <TextEquiv>
                    <Unicode>das dauon verfallene Iahrs In</Unicode>
                </TextEquiv>
            </TextLine>
            <TextLine id="tl_1747731549" custom="readingOrder {index:4;}">
                <Coords points="758,1158 759,1199 763,1205 832,1215 1256,1217 1423,1222 1629,1219 1768,1230 2001,1229 2139,1216 2153,1206 2159,1197 2161,1173 2154,1136 2141,1123 2107,1117 2047,1115 1864,1118 1399,1113 1292,1121 1138,1118 830,1121 765,1136"/>
                <Baseline points="758,1200 2161,1200"/>
                <TextEquiv>
                    <Unicode>teresse Benentlichen Dreissig gulden</Unicode>
                </TextEquiv>
            </TextLine>
            <TextLine id="tl_1747731540" custom="readingOrder {index:5;}">
                <Coords points="2501,1188 2498,1176 2482,1167 2395,1165 2228,1183 2098,1212 1915,1224 886,1220 800,1237 787,1249 784,1293 791,1313 808,1327 853,1352 901,1360 1571,1361 1994,1351 2228,1334 2302,1322 2429,1291 2489,1262 2499,1235"/>
                <Baseline points="784,1312 2501,1312"/>
                <TextEquiv>
                    <Unicode>vermüg Quittung so hiebey Idest 30 f - s -</Unicode>
                </TextEquiv>
            </TextLine>
            <TextLine id="tl_1747731558" custom="readingOrder {index:6;}">
                <Coords points="2090,1502 2076,1491 1961,1481 1863,1457 1833,1444 1783,1437 1417,1444 1188,1466 980,1452 812,1456 766,1468 756,1479 753,1567 764,1582 816,1595 1310,1590 1467,1598 1587,1584 1675,1584 1826,1596 2049,1599 2073,1597 2088,1587"/>
                <Baseline points="753,1557 2090,1557"/>
                <TextEquiv>
                    <Unicode>Ebensfals Zalte Ich dem Hochwür.</Unicode>
                </TextEquiv>
            </TextLine>
            <TextLine id="tl_1747731548" custom="readingOrder {index:7;}">
                <Coords points="2017,1634 2016,1625 2009,1619 1964,1611 1649,1590 1471,1597 1349,1591 1225,1594 857,1592 812,1594 798,1599 794,1607 795,1688 801,1697 835,1705 869,1706 945,1699 1166,1700 1284,1689 1568,1682 1733,1687 1995,1680 2011,1674 2016,1664"/>
                <Baseline points="794,1677 2017,1677"/>
                <TextEquiv>
                    <Unicode>Thumb Capitl Agramb mit Ersten</Unicode>
                </TextEquiv>
            </TextLine>
            <TextLine id="tl_1747731544" custom="readingOrder {index:8;}">
                <Coords points="2072,1704 2047,1695 2026,1691 1883,1687 1410,1694 1299,1692 1182,1706 1140,1707 980,1700 870,1701 816,1711 806,1724 804,1765 807,1775 819,1781 911,1792 1731,1794 1894,1777 2051,1769 2072,1765"/>
                <Baseline points="804,1765 2056,1765"/>
                <TextEquiv>
                    <Unicode>October dis Iahr von Ihren Capital</Unicode>
                </TextEquiv>
            </TextLine>
            <TextLine id="tl_1747731542" custom="readingOrder {index:9;}">
                <Coords points="2076,1805 2048,1795 2030,1790 1891,1786 1574,1791 1394,1802 1279,1803 1226,1809 1032,1803 958,1811 859,1810 816,1815 801,1823 798,1875 800,1883 820,1889 1186,1900 1315,1890 1363,1893 1429,1906 1539,1907 1765,1887 1943,1904 1991,1904 2034,1900 2074,1891"/>
                <Baseline points="798,1876 2054,1876"/>
                <TextEquiv>
                    <Unicode>verfallene Interesse Benentlichen</Unicode>
                </TextEquiv>
            </TextLine>
            <TextLine id="tl_1747731573" custom="readingOrder {index:10;}">
                <Coords points="2046,1939 2042,1920 2025,1911 1913,1913 1764,1893 1708,1895 1629,1909 1570,1912 1487,1911 1391,1899 1315,1896 1177,1906 817,1899 802,1903 798,1910 798,1986 801,1992 819,1998 908,2003 1369,1991 1756,1992 1990,1998 2025,1995 2042,1986"/>
                <Baseline points="798,1974 2046,1974"/>
                <TextEquiv>
                    <Unicode>Ainhundert Zwaintzig gulden rh.</Unicode>
                </TextEquiv>
            </TextLine>
            <TextLine id="tl_1747731535" custom="readingOrder {index:11;}">
                <Coords points="2518,1952 2511,1942 2490,1935 2397,1937 2177,1956 2003,1987 1904,1993 1063,2001 836,2009 804,2020 802,2091 808,2105 830,2114 1042,2127 1939,2126 2392,2106 2456,2096 2507,2067 2516,2035"/>
                <Baseline points="802,2079 2518,2079"/>
                <TextEquiv>
                    <Unicode>vermüg Quittung so hiebey Idest 120 f - s -</Unicode>
                </TextEquiv>
            </TextLine>
            <TextLine id="tl_1747731536" custom="readingOrder {index:12;}">
                <Coords points="2024,2326 2020,2319 2008,2313 1897,2290 1827,2256 1375,2256 1253,2268 1144,2273 1021,2289 778,2292 723,2314 718,2336 718,2385 721,2394 733,2402 778,2413 949,2412 1234,2402 1428,2407 1580,2396 1699,2404 1958,2408 2004,2403 2022,2395"/>
                <Baseline points="718,2373 2024,2373"/>
                <TextEquiv>
                    <Unicode>Den .2. dito Zalte Ich herrn Geörgen</Unicode>
                </TextEquiv>
            </TextLine>
            <TextLine id="tl_1747731550" custom="readingOrder {index:13;}">
                <Coords points="1972,2446 1967,2439 1955,2435 1782,2411 1612,2401 1208,2412 1032,2424 960,2423 844,2414 798,2415 786,2419 781,2426 780,2481 782,2493 835,2511 894,2520 1131,2520 1256,2504 1518,2494 1626,2495 1754,2503 1961,2489 1969,2484 1972,2476"/>
                <Baseline points="780,2488 1972,2488"/>
                <TextEquiv>
                    <Unicode>Siessen Canonico Zu St. Stephann</Unicode>
                </TextEquiv>
            </TextLine>
            <TextLine id="tl_1747731547" custom="readingOrder {index:14;}">
                <Coords points="1977,2514 1970,2507 1934,2504 1773,2507 1605,2502 1309,2510 1176,2528 1061,2535 786,2535 768,2545 767,2594 771,2602 789,2606 928,2620 1047,2620 1130,2610 1181,2610 1271,2619 1359,2609 1513,2600 1957,2610 1972,2606 1977,2599"/>
                <Baseline points="767,2589 1977,2589"/>
                <TextEquiv>
                    <Unicode>weegen der Pfahr St. Peter bey</Unicode>
                </TextEquiv>
            </TextLine>
            <TextLine id="tl_1747731568" custom="readingOrder {index:15;}">
                <Coords points="1978,2646 1973,2633 1915,2622 1784,2610 1391,2612 1335,2616 1258,2631 1138,2623 986,2631 805,2620 772,2623 756,2629 753,2638 753,2715 756,2720 768,2724 863,2725 1611,2707 1743,2712 1827,2721 1926,2722 1963,2718 1975,2712"/>
                <Baseline points="753,2694 1978,2694"/>
                <TextEquiv>
                    <Unicode>Gema. Statt anligendten funfftzig</Unicode>
                </TextEquiv>
            </TextLine>
            <TextLine id="tl_1747731543" custom="readingOrder {index:16;}">
                <Coords points="1942,2751 1955,2727 1942,2722 1836,2730 1762,2716 1677,2712 1539,2712 1399,2717 1263,2727 1083,2724 911,2729 870,2733 783,2753 780,2758 780,2803 787,2813 824,2820 1192,2819 1324,2809 1503,2803 1661,2802 1807,2806 1930,2800 1941,2794"/>
                <Baseline points="780,2793 1942,2793"/>
                <TextEquiv>
                    <Unicode>gulden Capital das dauon mit</Unicode>
                </TextEquiv>
            </TextLine>
            <TextLine id="tl_1747731559" custom="readingOrder {index:17;}">
                <Coords points="1966,2841 1961,2828 1951,2822 1898,2814 1325,2813 1183,2821 834,2827 776,2839 772,2860 773,2911 782,2919 835,2925 1346,2921 1515,2903 1744,2904 1861,2915 1945,2908 1962,2903 1966,2897"/>
                <Baseline points="772,2897 1966,2897"/>
                <TextEquiv>
                    <Unicode>Michaeli dis Iahr verfallene In</Unicode>
                </TextEquiv>
            </TextLine>
            <TextLine id="tl_1747731539" custom="readingOrder {index:18;}">
                <Coords points="2015,2969 2011,2956 2003,2948 1968,2939 1901,2937 1785,2916 1725,2913 1527,2912 1360,2922 821,2936 779,2948 757,2964 753,2977 753,3020 762,3034 803,3049 864,3055 1774,3054 1942,3049 1995,3042 2011,3033 2015,3017"/>
                <Baseline points="753,3017 2015,3017"/>
                <TextEquiv>
                    <Unicode>teresse Benentlichen Zween</Unicode>
                </TextEquiv>
            </TextLine>
            <TextLine id="tl_1747731562" custom="readingOrder {index:19;}">
                <Coords points="2193,3176 2188,3160 2174,3151 2123,3149 2030,3163 1982,3164 1842,3137 1781,3146 1665,3184 1608,3191 1554,3190 1444,3176 1056,3167 937,3169 892,3191 879,3210 870,3265 871,3345 881,3360 932,3381 1186,3418 1225,3419 1316,3396 1351,3394 1408,3396 1597,3418 1698,3408 1840,3419 2047,3411 2138,3397 2177,3384 2190,3374 2196,3348"/>
                <Baseline points="870,3347 2196,3347"/>
                <TextEquiv>
                    <Unicode>Lattus 150 f - s - d.</Unicode>
                </TextEquiv>
            </TextLine>
            <TextEquiv>
                <Unicode></Unicode>
            </TextEquiv>
        </TextRegion>
        <TextRegion id="region_251284052" custom="readingOrder {index:1;}">
            <Coords points="2564,0 5128,0 5128,4052 2564,4052"/>
            <TextLine id="tl_1747731571" custom="readingOrder {index:0;}">
                <Coords points="3124,639 3124,717 3132,725 3162,730 3285,732 3484,743 3542,743 3666,733 3743,733 3966,745 4288,744 4327,740 4336,734 4340,720 4339,676 4331,656 4290,630 4237,621 3224,602 3178,605 3139,616 3128,625"/>
                <Baseline points="3124,707 4340,707"/>
                <TextEquiv>
                    <Unicode>gulden rh. 4. s vermüg Quittung</Unicode>
                </TextEquiv>
            </TextLine>
            <TextLine id="tl_1747731538" custom="readingOrder {index:1;}">
                <Coords points="4940,785 4930,773 4803,739 4646,724 3991,737 3182,734 3125,739 3100,751 3099,853 3112,866 3183,874 3717,870 4652,877 4788,866 4918,839 4938,826"/>
                <Baseline points="3099,838 4940,838"/>
                <TextEquiv>
                    <Unicode>so hiebey Idest 2 f 4 s -</Unicode>
                </TextEquiv>
            </TextLine>
            <TextLine id="tl_1747731564" custom="readingOrder {index:2;}">
                <Coords points="3030,1019 3036,1078 3043,1088 3067,1099 3099,1105 3320,1122 3656,1118 3794,1123 3906,1114 4300,1109 4318,1105 4322,1098 4322,1062 4318,1052 4270,1033 4176,1008 3976,982 3660,967 3545,968 3427,979 3236,972 3094,976 3046,991 3034,1001"/>
                <Baseline points="3030,1084 4322,1084"/>
                <TextEquiv>
                    <Unicode>Ebensfals Zalte Ich gedachten herrn</Unicode>
                </TextEquiv>
            </TextLine>
            <TextLine id="tl_1747731556" custom="readingOrder {index:3;}">
                <Coords points="4347,1144 4339,1137 4280,1125 4096,1115 4018,1115 3840,1124 3606,1144 3529,1146 3432,1140 3330,1140 3256,1126 3159,1116 3102,1119 3092,1125 3090,1133 3094,1199 3104,1208 3152,1221 3263,1221 3456,1229 3564,1229 3662,1219 3795,1223 3897,1213 3961,1215 4042,1225 4208,1224 4268,1229 4324,1228 4346,1218"/>
                <Baseline points="3090,1199 4347,1199"/>
                <TextEquiv>
                    <Unicode>Siessen weegen der Elisabetha Weiß</Unicode>
                </TextEquiv>
            </TextLine>
            <TextLine id="tl_1747731567" custom="readingOrder {index:4;}">
                <Coords points="4290,1264 4281,1254 4236,1239 4191,1232 4050,1233 3925,1217 3842,1218 3762,1226 3656,1224 3579,1233 3486,1233 3419,1238 3145,1229 3102,1242 3092,1249 3085,1268 3085,1309 3094,1318 3108,1322 3212,1321 3278,1328 3324,1328 3400,1320 3454,1321 3529,1331 3587,1331 3662,1323 3761,1320 4147,1325 4286,1310 4290,1305"/>
                <Baseline points="3085,1301 4290,1301"/>
                <TextEquiv>
                    <Unicode>bacherin Stifftung der Zwayhun</Unicode>
                </TextEquiv>
            </TextLine>
            <TextLine id="tl_1747731565" custom="readingOrder {index:5;}">
                <Coords points="4337,1336 4347,1311 4333,1306 4221,1329 4060,1323 3670,1324 3591,1336 3545,1336 3412,1325 3325,1331 3137,1326 3077,1344 3072,1358 3072,1401 3084,1408 3132,1413 3242,1410 3455,1427 3512,1426 3597,1415 3763,1408 3909,1409 3997,1415 4314,1416 4330,1413 4337,1406"/>
                <Baseline points="3072,1401 4337,1401"/>
                <TextEquiv>
                    <Unicode>dert funfftzig gulden Capital mit</Unicode>
                </TextEquiv>
            </TextLine>
            <TextLine id="tl_1747731570" custom="readingOrder {index:6;}">
                <Coords points="4253,1434 4248,1427 4195,1420 4044,1419 3927,1413 3630,1418 3577,1421 3471,1435 3288,1418 3155,1417 3126,1420 3112,1427 3109,1437 3109,1491 3112,1499 3121,1503 3161,1508 3254,1511 3383,1507 3425,1512 3457,1521 3523,1526 3821,1513 4193,1509 4239,1504 4251,1499"/>
                <Baseline points="3109,1497 4253,1497"/>
                <TextEquiv>
                    <Unicode>Michaeli diß Iahr verfallene halb</Unicode>
                </TextEquiv>
            </TextLine>
            <TextLine id="tl_1747731551" custom="readingOrder {index:7;}">
                <Coords points="4251,1551 4244,1538 4205,1525 4154,1516 4108,1514 3801,1517 3535,1533 3463,1520 3411,1516 3312,1526 3164,1518 3123,1524 3112,1529 3107,1535 3104,1578 3106,1588 3120,1597 3279,1610 3418,1606 3514,1616 3610,1617 3722,1607 3853,1611 4129,1608 4247,1600 4251,1593"/>
                <Baseline points="3104,1589 4251,1589"/>
                <TextEquiv>
                    <Unicode>Iährige Interesse Benentlichen</Unicode>
                </TextEquiv>
            </TextLine>
            <TextLine id="tl_1747731557" custom="readingOrder {index:8;}">
                <Coords points="3094,1667 3094,1682 3100,1691 3127,1699 3261,1718 3321,1721 3372,1718 3476,1704 3532,1705 3610,1717 3673,1721 3746,1721 3908,1711 4214,1712 4260,1708 4269,1702 4271,1695 4268,1624 4252,1617 4209,1613 3690,1610 3548,1619 3412,1609 3136,1607 3108,1611 3103,1616 3101,1637 3104,1642"/>
                <Baseline points="3094,1691 4271,1691"/>
                <TextEquiv>
                    <Unicode>Sechs gulden .2. vermüg Quit</Unicode>
                </TextEquiv>
            </TextLine>
            <TextLine id="tl_1747731541" custom="readingOrder {index:9;}">
                <Coords points="4860,1742 4850,1729 4658,1681 4571,1676 4380,1698 4191,1707 3156,1716 3074,1740 3067,1750 3066,1782 3077,1804 3115,1818 3135,1837 3221,1861 3735,1853 4623,1859 4759,1853 4816,1839 4856,1812"/>
                <Baseline points="3066,1814 4860,1814"/>
                <TextEquiv>
                    <Unicode>tung so hiebey Idest 6 f 2 s -</Unicode>
                </TextEquiv>
            </TextLine>
            <TextLine id="tl_1747731546" custom="readingOrder {index:10;} unclear {offset:31; length:3; continued:true;}">
                <Coords points="3052,1994 4302,1994 4302,2132 3052,2132"/>
                <Baseline points="3052,2096 4302,2096"/>
                <TextEquiv>
                    <Unicode>Ich beZalte auch frauen Helena Gin</Unicode>
                </TextEquiv>
            </TextLine>
            <TextLine id="tl_1747731569" custom="readingOrder {index:11;} unclear {offset:0; length:5; continued:true;}">
                <Coords points="4297,2169 4290,2160 4263,2154 4247,2146 4192,2135 3997,2121 3710,2125 3550,2146 3320,2143 3246,2136 3147,2134 3094,2145 3085,2152 3082,2204 3086,2216 3104,2221 3286,2219 3438,2228 3558,2222 3811,2222 3917,2229 4047,2229 4283,2208 4296,2202"/>
                <Baseline points="3082,2202 4297,2202"/>
                <TextEquiv>
                    <Unicode>derin weegen des durch Ihren Ver</Unicode>
                </TextEquiv>
            </TextLine>
            <TextLine id="tl_1747731553" custom="readingOrder {index:12;} unclear {offset:18; length:4;}">
                <Coords points="4304,2253 4298,2244 4253,2235 4167,2230 4005,2233 3927,2227 3834,2226 3752,2227 3669,2234 3565,2228 3401,2234 3318,2228 3252,2228 3135,2234 3074,2244 3070,2260 3070,2302 3076,2315 3088,2319 3230,2315 3388,2326 3515,2321 3896,2331 3970,2319 4043,2313 4291,2307 4301,2303 4304,2297"/>
                <Baseline points="3070,2304 4304,2304"/>
                <TextEquiv>
                    <Unicode>storbenen Vettern Wey. Herrn Eme</Unicode>
                </TextEquiv>
            </TextLine>
            <TextLine id="tl_1747731554" custom="readingOrder {index:13;}">
                <Coords points="4295,2355 4292,2347 4281,2342 4196,2326 4108,2317 3960,2319 3881,2333 3847,2335 3710,2331 3587,2346 3460,2336 3371,2335 3246,2324 3104,2327 3089,2331 3083,2339 3082,2382 3089,2392 3134,2401 3224,2410 3319,2412 3428,2424 3544,2424 3664,2418 3800,2420 3953,2407 4021,2408 4094,2420 4153,2423 4286,2412 4295,2401"/>
                <Baseline points="3082,2395 4295,2395"/>
                <TextEquiv>
                    <Unicode>richen foggi gewesten des Aussern</Unicode>
                </TextEquiv>
            </TextLine>
            <TextLine id="tl_1747731563" custom="readingOrder {index:14;}">
                <Coords points="3091,2419 3091,2482 3095,2487 3262,2510 3409,2504 3604,2517 3725,2516 3782,2510 4100,2512 4173,2504 4211,2495 4221,2488 4217,2464 4212,2456 4178,2432 4127,2421 4056,2414 3959,2414 3913,2419 3842,2433 3674,2429 3579,2437 3464,2436 3304,2415 3111,2410 3097,2413"/>
                <Baseline points="3091,2488 4221,2488"/>
                <TextEquiv>
                    <Unicode>Raths vnnd handlsman alhier Zue</Unicode>
                </TextEquiv>
            </TextLine>
            <TextLine id="tl_1747731545" custom="readingOrder {index:15;}">
                <Coords points="4327,2528 4316,2514 4277,2508 3790,2511 3737,2516 3690,2529 3634,2531 3554,2518 3472,2511 3380,2510 3295,2521 3242,2523 3166,2510 3111,2509 3097,2512 3092,2518 3091,2583 3096,2589 3111,2592 3384,2602 3462,2610 3605,2607 3667,2615 3792,2615 3864,2605 3906,2604 3982,2608 4319,2603 4328,2598"/>
                <Baseline points="3091,2586 4328,2586"/>
                <TextEquiv>
                    <Unicode>Gema. Statt dargelichenen Zway Tau</Unicode>
                </TextEquiv>
            </TextLine>
            <TextLine id="tl_1747731566" custom="readingOrder {index:16;}">
                <Coords points="3077,2682 3086,2692 3132,2698 3218,2699 3307,2707 3671,2708 3993,2702 4150,2713 4230,2714 4331,2703 4348,2699 4349,2677 4339,2642 4323,2633 4173,2614 3957,2605 3849,2605 3730,2611 3613,2607 3455,2611 3377,2605 3264,2608 3141,2604 3088,2615 3079,2623"/>
                <Baseline points="3077,2685 4340,2685"/>
                <TextEquiv>
                    <Unicode>sent gulden Capital das mit Lesten</Unicode>
                </TextEquiv>
            </TextLine>
            <TextLine id="tl_1747731561" custom="readingOrder {index:17;}">
                <Coords points="3093,2716 3092,2767 3097,2783 3139,2794 3199,2801 3563,2805 3662,2811 3752,2810 3832,2800 4060,2797 4229,2805 4279,2801 4289,2796 4292,2786 4291,2749 4279,2742 4234,2733 4103,2719 4059,2708 4021,2704 3410,2706 3285,2714 3181,2705 3102,2706"/>
                <Baseline points="3092,2782 4292,2782"/>
                <TextEquiv>
                    <Unicode>September dis Iahr verfallene In</Unicode>
                </TextEquiv>
            </TextLine>
            <TextLine id="tl_1747731537" custom="readingOrder {index:18;}">
                <Coords points="3080,2801 4363,2801 4363,2937 3080,2937"/>
                <Baseline points="3080,2903 4363,2903"/>
                <TextEquiv>
                    <Unicode>teresse Benentlichen Ainhundert</Unicode>
                </TextEquiv>
            </TextLine>
            <TextLine id="tl_1747731555" custom="readingOrder {index:19;}">
                <Coords points="3149,3104 3145,3259 3155,3279 3204,3295 3373,3309 3466,3322 3507,3338 3550,3338 3625,3311 3645,3308 3723,3308 3775,3315 3899,3320 3935,3316 4014,3294 4067,3288 4179,3284 4291,3286 4331,3279 4341,3260 4341,3120 4337,3107 4321,3096 4195,3116 4145,3118 4061,3107 3992,3084 3928,3072 3656,3083 3548,3081 3456,3074 3196,3072 3163,3077 3153,3086"/>
                <Baseline points="3145,3270 4341,3270"/>
                <TextEquiv>
                    <Unicode>Lattus 8 f 6 s - d.</Unicode>
                </TextEquiv>
            </TextLine>
            <TextEquiv>
                <Unicode></Unicode>
            </TextEquiv>
        </TextRegion>
    </Page>
</PcGts>
