5136 4041
772 645 1947 813 Neün gulden rh. vermüg Quit
747 711 2553 954 tung so hiebey Idest 9 f - s - d.
713 1050 1923 1228 Den bemelten tag Zalte Ich herrn
791 1224 1906 1328 Andreen Stephann weegen der
786 1310 1914 1415 Chor Caplaney bey St. Stephann
786 1391 2030 1507 das auf das Monath Iulii Augustii
781 1490 1969 1598 vnnd September verfallene de
757 1587 1975 1703 putat Benentlichen Zwölf gulden
758 1626 2503 1832 rh. ut Quittung so hiebey Idest 12 f - d -
720 1987 2016 2170 Den 15. dito Zalte Ich herrn Lorentzen
763 2161 1928 2280 Wilhalmb des Ausßern Raths vnd
753 2274 1896 2390 Eißenhandlern pon seinen den .4.
759 2378 1893 2493 febr. 642. dargelichenen Ain
756 2483 1902 2598 Taußent gulden Capital ain
760 2578 1998 2702 dauon verfallenens anderhalb Iähr
734 2686 1872 2817 iges Interesse Benentlichen
768 2802 1884 2930 Neüntzig gulden rh. vermüg
765 2853 2538 3060 Quittung so hiebey Idest 90 f - s -
727 3139 2115 3366 Lattus 111 f - s - d.
3096 548 4353 714 Den .16. dito Zalte Ich Herrn Marthin
3188 707 4379 824 Rößler Pfahrern Zu St. Veit das Ihme
3179 815 4331 924 mit Michaeli dis Iahr gebiehrendte
3165 916 4380 1029 deputat Benentlichen Zwölff gulden
3163 962 4967 1152 rh. vermüg Quittung so hiebey Idest 12 f - s - d.
3099 1211 4379 1383 Eodem die Zalte Ich dem Philipen Albert
3169 1376 4309 1483 Burgerlichen Glaßern alhier von
3173 1471 4389 1587 seinen dargelichenen funfftzig gulden
3172 1570 4324 1675 das dauon verfallene anderhalb
3156 1666 4258 1781 Iahrige Interesse Benentlichen
3142 1767 4349 1888 Vier gulden .4. s vermüg Quittung
3163 1851 4849 2031 so hiebey Idest 4 f 4 s -
3101 2090 4287 2256 Den .19. dito Zalte Ich dem Ehrwür
3142 2248 4290 2352 digen Iungfrauen Closter St. Iacob
3154 2350 4360 2478 das mit St. Michaeli dis Iahr dauon
3147 2446 4357 2562 verfallene Interesse Benentlichen
3131 2550 4361 2668 fünff vnnd Dreissig gulden rh. 4 s
3036 2592 4927 2800 14 d ut Quittung so hiebey Idest 35 f 4 s 14 d.
3087 2822 4321 3008 Ich beZalte auch dem Herrn Iohann
3205 3084 4460 3333 Lattus 52 f - s 14 d.
