5131 3984
826 630 2075 772 gehabten Aintausent gulden Ca
797 777 2035 877 pital ain dauon verfallenes
789 873 2093 980 halb Iahriges Interesse Benent
787 974 2118 1089 lichen Dreissig gulden rh. vermüg
801 1025 2522 1195 Quittung so hiebey Idest 30 - s -
785 1316 2021 1467 Den .22. dito Zalte Ich dem Geörg
809 1452 2060 1570 Theubeckhen Burgerlichen Pfaidlern
816 1558 2004 1661 von seinen dargelichenen Zwain
781 1649 2081 1751 tzig gulden ain dauon verfallenes
793 1738 2023 1845 anderhalb Iähriges Interesse Be
774 1834 2031 1947 nentlichen Ain gulden .6. s 12. d.
776 1894 2556 2070 Laut Quittung so hiebey Idest 1 f 6 s 12 d
696 2217 2033 2386 Den .24. dito Zalte Ich Herrn Iohann
772 2359 1943 2475 Häringshauser des Innern
775 2451 2007 2566 Raths von seinen Anno .640. den 28.
772 2550 1984 2667 Ianuarii Zu Gema. Statt darge
752 2647 1905 2768 lichenen Drey Tausent gulden
772 2737 1993 2859 Capital das von .28. Iulii bis 28.
785 2840 1980 2977 October verfallene Viertl Iährige
860 3092 2073 3381 Lattus 31 f 6 s 12 d.
3113 573 4367 733 Interesse Benentlichen Fünff vnd
3113 715 4305 836 Viertzig gulden rh. vermüg Quit
3088 794 4927 962 tung so hiebey Idest 45 f - s -
3051 1062 4317 1253 Den .26. dito Zalte Ich frauen Bar
3114 1216 4377 1339 bara Catharina Prudentin Wittib
3128 1327 4273 1435 von dem durch herrn Andreen
3107 1417 4301 1535 Prudentii Ihren Eheherrn seel. Zue
3086 1512 4312 1619 Gema. Statt angelegten Capital
3109 1606 4309 1715 ain auf dis Iahr verfallene In
3092 1700 4322 1811 teresse Benentlichen Ainhun
3083 1801 4342 1906 dert funfftzehen gulden rh. ver
3080 1864 4927 2046 müg Quittung so hiebey Idest 115 f - s -
3021 2210 4263 2395 Den Ersten Nouember Zalte Ich
3143 2377 4269 2492 Herrn Geörgen Gaggen von
3129 2466 4311 2590 seinen dargelichenen Dreyhun
3100 2570 4300 2684 dert gulden Capital das dauon
3163 2652 4318 2794 verfallene Iahrs Interesse Be
3087 2769 4298 2886 nentlichen Achtzehen gulden rh.
3115 2812 4887 2988 ut Quittung so hiebey Idest 18 f - s -
3114 2998 4353 3116 Ich Zalte auch Herrn Mathiasen Otten
3141 3102 4451 3232 von seinen dargelichenen 300. f Capital
3227 3163 4590 3357 Lattus 178 f - s - d.
