5174 4000
796 602 1939 755 Brugger Chormaistern Zu St.
802 742 1970 848 Stephann weegen der Matur
812 840 1934 951 das mit Michaeli Quatember
811 947 1990 1052 verfallene deputat Benent
779 1043 1932 1136 lichen Siben gulden .2. s ver
752 1053 2587 1266 müg Quittung so hiebei Idest 7 f 2 s - d.
727 1329 2046 1526 Den .22. dito Zalte Ich dem Maister
799 1501 1974 1622 Lorentzen Schreiner Vaß Pindern
790 1605 1956 1721 die Ienige von seinen Anno 642.
775 1699 1995 1824 hergelichenen Ainhundert gulden
779 1793 1982 1920 verfallene anderhalb Iährige In
768 1899 1947 2018 teresse Benentlichen Neun
776 2006 1967 2141 gulden rh. vermüg Quittung so
770 2050 2523 2245 hiebey Idest 9 f - s -
729 2323 1942 2518 Den .24. dito Zalte Ich herrn Ger
757 2492 2026 2616 hardten von Luestenberg frey
757 2598 2006 2722 herrn von seinen nach bey Gem.
752 2698 2013 2819 Statt anligendten ZwayTausent
771 2803 1998 2917 gulden Capital das dauon ver
751 2906 1950 3061 fallene Iahrs Interesse Be
859 3144 2142 3406 Lattus 16 f 2 s - d.
3102 545 4383 713 nentlichen Ainhundert Zwaintzig
3136 695 4331 824 gulden rh. vermüg Quittung so
3146 798 4941 962 hiebey Idest 120. f - s -
3076 1011 4272 1167 Den .25. dito Zalte Ich Catharina
3139 1158 4326 1284 Paumanin Wittib von Ihren her
3130 1269 4292 1380 gelichenen Ainhundert gulden
3147 1373 4304 1479 Capital das dauon verfallene
3138 1472 4349 1593 anderhalb Iährige Interesse Be
3104 1580 4335 1684 nentlichen Neün gulden rh. ver
3102 1657 4895 1829 müg Quittung so hiebey Idest 9 f - s -
3064 1899 4478 2086 Den .26. dito Zalte Ich herrn Hannsen
3145 2060 4288 2187 Stöckhl Khay. Steurhandlern
3149 2168 4291 2282 von seinen hergelichenen Zway
3101 2271 4311 2388 hundert gulden Capital das von
3110 2376 4276 2495 15. febr. 642. bis Lesten Tber.
3113 2482 4296 2590 643. verfallene Interesse Be
3100 2580 4317 2691 nentlichen Neüntzehen gulden rh.
3100 2678 4315 2793 4. s d. vermüg Quittung so hie
3102 2753 4879 2944 bey Idest 19 f 4 s -
3182 3009 4499 3276 Lattus 148 f 4 s - d.
