<?xml version="1.0" encoding="UTF-8" standalone="yes"?>
<PcGts xmlns="http://schema.primaresearch.org/PAGE/gts/pagecontent/2013-07-15" xmlns:xsi="http://www.w3.org/2001/XMLSchema-instance" xsi:schemaLocation="http://schema.primaresearch.org/PAGE/gts/pagecontent/2013-07-15 http://schema.primaresearch.org/PAGE/gts/pagecontent/2013-07-15/pagecontent.xsd">
    <Metadata>
        <Creator>prov=READ-COOP:name=PyLaia@TranskribusPlatform:version=2.27.0:model_id=327853:lm=provided:date=20_05_2025_12:45</Creator>
        <Created>2025-05-20T10:00:27.516+02:00</Created>
        <LastChange>2025-05-23T10:42:22.194+02:00</LastChange>
        <TranskribusMetadata docId="8584475" pageId="97257241" pageNr="192" tsid="244460722" status="IN_PROGRESS" userId="261754" imgUrl="https://files.transkribus.eu/Get?id=LMXMVNLPEAJGFVNDIISAAQKM&amp;fileType=view" xmlUrl="https://files.transkribus.eu/Get?id=CDRVBMUEZTLKCKYYTHJQQAVR" imageId="81503166"/>
    </Metadata>
    <Page imageFilename="97257241.tif" imageWidth="5130" imageHeight="4036">
        <ReadingOrder>
            <OrderedGroup id="ro_1747989742195" caption="Regions reading order">
                <RegionRefIndexed index="0" regionRef="region_151304036"/>
                <RegionRefIndexed index="1" regionRef="region_251304036"/>
            </OrderedGroup>
        </ReadingOrder>
        <TextRegion id="region_151304036" custom="readingOrder {index:0;}">
            <Coords points="0,0 2565,0 2565,4036 0,4036"/>
            <TextLine id="tl_1747731591" custom="readingOrder {index:0;}">
                <Coords points="801,747 803,777 822,786 1274,796 1427,808 1709,812 2036,809 2089,799 2099,791 2104,779 2102,718 2083,703 2037,691 1717,673 1530,671 1364,680 1044,662 892,664 849,670 813,686 806,697"/>
                <Baseline points="801,773 2104,773"/>
                <TextEquiv>
                    <Unicode>dert Zwaintzig gulden rh. vermüg</Unicode>
                </TextEquiv>
            </TextLine>
            <TextLine id="tl_1747731578" custom="readingOrder {index:1;}">
                <Coords points="2518,776 2511,764 2489,757 2306,757 1766,798 845,796 822,803 823,812 812,824 811,882 820,896 914,928 973,936 2019,937 2239,929 2367,914 2452,883 2470,867 2509,850 2515,837"/>
                <Baseline points="811,892 2518,892"/>
                <TextEquiv>
                    <Unicode>Quittung so hiebey Idest 120 f - s -</Unicode>
                </TextEquiv>
            </TextLine>
            <TextLine id="tl_1747731584" custom="readingOrder {index:2;}">
                <Coords points="749,1078 749,1146 753,1163 768,1173 814,1186 1331,1183 1481,1187 1588,1176 1669,1183 1733,1183 1818,1174 1986,1167 2011,1162 2020,1152 2019,1111 2004,1098 1777,1060 1624,1045 1343,1038 1052,1057 997,1057 939,1047 884,1012 861,1008 825,1009 788,1016 767,1030 755,1046"/>
                <Baseline points="749,1140 2020,1140"/>
                <TextEquiv>
                    <Unicode>Den .5. dito Zalte Ich frauen Anna</Unicode>
                </TextEquiv>
            </TextLine>
            <TextLine id="tl_1747731598" custom="readingOrder {index:3;}">
                <Coords points="2089,1220 2086,1205 2076,1198 2028,1185 1937,1176 1746,1180 1541,1178 1426,1189 1285,1188 1196,1200 1064,1205 963,1202 867,1190 818,1191 805,1197 798,1209 797,1260 801,1272 895,1289 1222,1288 1429,1279 1523,1280 1615,1288 1945,1282 2031,1277 2084,1268 2089,1259"/>
                <Baseline points="797,1260 2089,1260"/>
                <TextEquiv>
                    <Unicode>Roßmarin Wittib von Ihren Zu Gema.</Unicode>
                </TextEquiv>
            </TextLine>
            <TextLine id="tl_1747731595" custom="readingOrder {index:4;}">
                <Coords points="1992,1320 1985,1312 1942,1300 1856,1288 1624,1290 1543,1286 1419,1297 1329,1296 1294,1301 1238,1301 1163,1291 1040,1291 932,1299 856,1297 814,1301 797,1310 796,1365 804,1372 995,1388 1136,1386 1274,1377 1421,1380 1509,1388 1650,1388 1741,1381 1977,1378 1986,1376 1992,1369"/>
                <Baseline points="796,1361 1992,1361"/>
                <TextEquiv>
                    <Unicode>Statt Anno 642. dargelichenen Ain</Unicode>
                </TextEquiv>
            </TextLine>
            <TextLine id="tl_1747731614" custom="readingOrder {index:5;}">
                <Coords points="797,1385 1999,1385 1999,1485 797,1485"/>
                <Baseline points="797,1460 1999,1460"/>
                <TextEquiv>
                    <Unicode>hundert gulden Capital das mit</Unicode>
                </TextEquiv>
            </TextLine>
            <TextLine id="tl_1747731596" custom="readingOrder {index:6;}">
                <Coords points="1994,1494 1990,1487 1974,1482 1691,1478 1318,1480 1191,1488 981,1485 849,1494 805,1502 792,1512 790,1546 792,1567 798,1573 861,1582 1043,1584 1439,1577 1866,1580 1990,1566 1994,1561"/>
                <Baseline points="790,1556 1994,1556"/>
                <TextEquiv>
                    <Unicode>7. October dis Iahr dauon verfal</Unicode>
                </TextEquiv>
            </TextLine>
            <TextLine id="tl_1747731605" custom="readingOrder {index:7;}">
                <Coords points="2020,1612 2014,1598 1999,1593 1866,1595 1800,1583 1744,1579 1409,1579 1197,1595 828,1596 784,1600 772,1607 771,1658 783,1668 798,1671 957,1679 1260,1680 1356,1674 1507,1678 1919,1674 1994,1668 2015,1662 2020,1647"/>
                <Baseline points="771,1654 2020,1654"/>
                <TextEquiv>
                    <Unicode>lene anderhalb Iährige Interesse</Unicode>
                </TextEquiv>
            </TextLine>
            <TextLine id="tl_1747731602" custom="readingOrder {index:8;}">
                <Coords points="777,1761 793,1768 830,1771 1623,1772 1775,1781 2007,1780 2036,1772 2048,1764 2051,1751 2051,1714 2044,1698 2028,1690 1968,1683 1701,1675 1346,1674 1209,1681 806,1677 782,1682 776,1692"/>
                <Baseline points="776,1752 2051,1752"/>
                <TextEquiv>
                    <Unicode>Benentlichen Neün gulden rh. ver</Unicode>
                </TextEquiv>
            </TextLine>
            <TextLine id="tl_1747731588" custom="readingOrder {index:9;}">
                <Coords points="2519,1738 2513,1730 2491,1723 2337,1728 2120,1757 1994,1783 1932,1788 1814,1788 1564,1772 905,1778 795,1798 784,1810 782,1854 800,1874 872,1893 1060,1908 2096,1911 2300,1906 2364,1900 2433,1885 2499,1853 2514,1822"/>
                <Baseline points="782,1864 2519,1864"/>
                <TextEquiv>
                    <Unicode>müg Quittung so hiebey Idest  9 f - s -</Unicode>
                </TextEquiv>
            </TextLine>
            <TextLine id="tl_1747731607" custom="readingOrder {index:10;}">
                <Coords points="2034,2115 2031,2084 2025,2074 1974,2060 1639,2057 1209,2074 1010,2069 828,2070 777,2082 768,2091 764,2117 764,2178 771,2197 803,2203 1017,2203 1133,2196 1298,2198 1470,2187 1603,2189 1734,2201 1998,2195 2027,2191 2034,2184"/>
                <Baseline points="764,2165 2034,2165"/>
                <TextEquiv>
                    <Unicode>Ich beZalte auch in das Iungfrauen</Unicode>
                </TextEquiv>
            </TextLine>
            <TextLine id="tl_1747731613" custom="readingOrder {index:11;}">
                <Coords points="1997,2249 1989,2236 1937,2218 1856,2207 1667,2196 1451,2191 1353,2196 1081,2192 981,2197 803,2199 789,2206 785,2227 785,2279 791,2291 804,2296 863,2303 977,2303 1333,2288 1481,2289 1623,2300 1689,2301 1980,2279 1994,2273"/>
                <Baseline points="785,2275 1997,2275"/>
                <TextEquiv>
                    <Unicode>Closter Zum Himelbarthen von</Unicode>
                </TextEquiv>
            </TextLine>
            <TextLine id="tl_1747731597" custom="readingOrder {index:12;}">
                <Coords points="777,2335 779,2376 786,2384 841,2396 1076,2394 1395,2401 1474,2391 1546,2391 1643,2401 1752,2402 2023,2389 2047,2385 2053,2378 2053,2314 2048,2308 1998,2298 1953,2295 1802,2294 1653,2300 1408,2292 1256,2305 1125,2297 946,2302 832,2300 788,2306 779,2316"/>
                <Baseline points="777,2373 2053,2373"/>
                <TextEquiv>
                    <Unicode>dem Andree Prudentischen Neun</Unicode>
                </TextEquiv>
            </TextLine>
            <TextLine id="tl_1747731616" custom="readingOrder {index:13;} unclear {offset:28; length:3;}">
                <Coords points="778,2422 778,2485 785,2493 797,2494 922,2493 1015,2484 1114,2480 1239,2481 1364,2489 1454,2484 1722,2488 1969,2479 1997,2474 2002,2466 2000,2405 1986,2399 1478,2395 1412,2399 1370,2410 1319,2414 1084,2392 831,2394 792,2400 781,2411"/>
                <Baseline points="778,2467 2002,2467"/>
                <TextEquiv>
                    <Unicode>Zehenhundert gulden Capital den</Unicode>
                </TextEquiv>
            </TextLine>
            <TextLine id="tl_1747731603" custom="readingOrder {index:14;}">
                <Coords points="2010,2512 2007,2505 1999,2501 1963,2495 1810,2486 1453,2483 1289,2496 1121,2486 1028,2487 931,2497 792,2524 783,2533 783,2575 786,2584 792,2588 821,2593 1170,2595 1274,2588 1482,2592 1637,2578 1989,2577 2003,2574 2010,2567"/>
                <Baseline points="783,2567 2010,2567"/>
                <TextEquiv>
                    <Unicode>mit Michaeli dis Iahr verfallene</Unicode>
                </TextEquiv>
            </TextLine>
            <TextLine id="tl_1747731608" custom="readingOrder {index:15;}">
                <Coords points="1997,2617 1979,2607 1809,2585 1573,2586 1460,2597 1165,2604 841,2599 796,2604 780,2611 776,2628 778,2682 795,2689 1023,2693 1325,2690 1405,2686 1488,2676 1545,2677 1626,2685 1977,2677 1995,2671 1999,2660"/>
                <Baseline points="776,2666 1999,2666"/>
                <TextEquiv>
                    <Unicode>Interesse Benentlichen Siben</Unicode>
                </TextEquiv>
            </TextLine>
            <TextLine id="tl_1747731587" custom="readingOrder {index:16;}">
                <Coords points="1980,2713 1974,2705 1956,2701 1771,2685 1612,2686 1478,2682 1359,2691 835,2694 793,2699 777,2706 775,2769 780,2776 798,2781 963,2794 1162,2797 1339,2796 1604,2779 1908,2775 1956,2770 1970,2765 1980,2752"/>
                <Baseline points="775,2766 1980,2766"/>
                <TextEquiv>
                    <Unicode>vnnd funfftzig gulden rh. 4 s.</Unicode>
                </TextEquiv>
            </TextLine>
            <TextLine id="tl_1747731609" custom="readingOrder {index:17;}">
                <Coords points="1981,2831 1974,2809 1957,2799 1914,2789 1837,2784 1040,2794 824,2791 797,2793 780,2802 778,2872 787,2881 817,2886 1030,2900 1450,2900 1697,2892 1921,2891 1959,2886 1974,2878 1980,2868"/>
                <Baseline points="778,2871 1981,2871"/>
                <TextEquiv>
                    <Unicode>Vermüg hiebeyligendter Quit</Unicode>
                </TextEquiv>
            </TextLine>
            <TextLine id="tl_1747731583" custom="readingOrder {index:18;}">
                <Coords points="2518,2842 2511,2827 2493,2822 2332,2825 2164,2842 1986,2877 1745,2892 1157,2899 846,2891 783,2899 763,2909 759,2980 764,2993 783,3001 868,3009 1931,3009 2250,2998 2366,2986 2446,2963 2471,2937 2510,2916 2517,2893"/>
                <Baseline points="759,2960 2518,2960"/>
                <TextEquiv>
                    <Unicode>tung Idest 57 f 4 s -</Unicode>
                </TextEquiv>
            </TextLine>
            <TextLine id="tl_1747731604" custom="readingOrder {index:19;}">
                <Coords points="906,3165 2221,3165 2221,3387 906,3387"/>
                <Baseline points="906,3330 2221,3330"/>
                <TextEquiv>
                    <Unicode>Lattus 186 f 4 s - d.</Unicode>
                </TextEquiv>
            </TextLine>
            <TextEquiv>
                <Unicode></Unicode>
            </TextEquiv>
        </TextRegion>
        <TextRegion id="region_251304036" custom="readingOrder {index:1;}">
            <Coords points="2565,0 5130,0 5130,4036 2565,4036"/>
            <TextLine id="tl_1747731611" custom="readingOrder {index:0;}">
                <Coords points="3043,648 3044,703 3049,714 3066,721 3110,728 3365,727 3481,721 3650,726 3747,736 3912,731 4004,737 4133,738 4295,750 4413,748 4421,741 4420,676 4409,667 4288,643 4167,607 4101,600 3752,587 3607,587 3308,597 3255,589 3214,575 3161,573 3107,588 3065,608 3048,622"/>
                <Baseline points="3043,705 4421,705"/>
                <TextEquiv>
                    <Unicode>Den .6. dito beZalte Ich Herrn Hannsen</Unicode>
                </TextEquiv>
            </TextLine>
            <TextLine id="tl_1747731589" custom="readingOrder {index:1;}">
                <Coords points="3114,749 3114,819 3131,828 3336,826 3504,845 3566,844 3695,833 3800,832 3844,835 3915,847 4005,841 4310,847 4323,842 4344,855 4344,806 4320,777 4175,753 3928,741 3775,744 3535,731 3472,734 3398,749 3352,752 3266,737 3135,731 3121,735"/>
                <Baseline points="3114,818 4326,818"/>
                <TextEquiv>
                    <Unicode>Maurer Burger vnnd handlsman</Unicode>
                </TextEquiv>
            </TextLine>
            <TextLine id="tl_1747731594" custom="readingOrder {index:2;}">
                <Coords points="4319,892 4309,881 4280,876 4203,873 4064,856 3952,853 3870,843 3808,840 3724,843 3656,854 3540,858 3476,856 3370,843 3225,842 3175,845 3131,853 3122,857 3119,867 3119,908 3123,914 3132,917 3304,928 3419,929 3481,934 3628,928 3731,939 3792,939 3858,931 3916,930 4216,940 4314,928 4319,920"/>
                <Baseline points="3119,915 4319,915"/>
                <TextEquiv>
                    <Unicode>alhier von seinen Anno 642. darge</Unicode>
                </TextEquiv>
            </TextLine>
            <TextLine id="tl_1747731615" custom="readingOrder {index:3;}">
                <Coords points="3080,983 3082,1015 3103,1023 3287,1027 3461,1040 3520,1040 3700,1026 4352,1038 4369,1030 4367,953 4348,945 4303,942 4207,948 3958,935 3870,935 3745,945 3659,936 3573,935 3522,939 3410,937 3314,943 3184,932 3133,935 3090,945 3082,953"/>
                <Baseline points="3080,1013 4369,1013"/>
                <TextEquiv>
                    <Unicode>lichenen Sechshundert gulden Capital</Unicode>
                </TextEquiv>
            </TextLine>
            <TextLine id="tl_1747731585" custom="readingOrder {index:4;}">
                <Coords points="3111,1104 3117,1114 3215,1126 3482,1124 3617,1130 3704,1122 3785,1121 3895,1130 4180,1140 4324,1140 4341,1136 4345,1131 4345,1079 4341,1072 4250,1049 4196,1043 3882,1032 3624,1032 3495,1044 3307,1045 3254,1040 3168,1040 3118,1048 3112,1055"/>
                <Baseline points="3111,1113 4345,1113"/>
                <TextEquiv>
                    <Unicode>das auf dis Iahr dauon verfallene</Unicode>
                </TextEquiv>
            </TextLine>
            <TextLine id="tl_1747731601" custom="readingOrder {index:5;}">
                <Coords points="3114,1176 3117,1207 3134,1214 3258,1223 3406,1222 3529,1235 4235,1236 4324,1232 4336,1229 4342,1220 4342,1177 4327,1168 4225,1154 3969,1141 3845,1128 3433,1128 3353,1132 3236,1147 3135,1151 3116,1160"/>
                <Baseline points="3114,1209 4342,1209"/>
                <TextEquiv>
                    <Unicode>anderhalb Iährige Interesse Be</Unicode>
                </TextEquiv>
            </TextLine>
            <TextLine id="tl_1747731579" custom="readingOrder {index:6;}">
                <Coords points="3062,1249 3065,1312 3082,1319 3134,1326 3371,1326 3492,1320 3691,1319 3932,1326 4028,1339 4369,1340 4381,1338 4386,1330 4384,1260 4364,1250 3902,1233 3575,1234 3417,1226 3106,1228 3078,1232 3066,1240"/>
                <Baseline points="3062,1310 4386,1310"/>
                <TextEquiv>
                    <Unicode>nentlichen Vier vnnd funfftzig gulden</Unicode>
                </TextEquiv>
            </TextLine>
            <TextLine id="tl_1747731581" custom="readingOrder {index:7;}">
                <Coords points="4889,1382 4885,1360 4859,1349 4693,1320 4565,1318 4459,1320 4291,1334 4110,1337 3970,1331 3617,1330 3185,1336 3134,1340 3114,1347 3108,1399 3116,1411 3404,1447 3648,1447 3773,1459 4111,1470 4691,1471 4762,1468 4807,1453 4837,1430 4883,1414"/>
                <Baseline points="3108,1432 4889,1432"/>
                <TextEquiv>
                    <Unicode>vermüg Quittung so hiebey Idest 54 f - s -</Unicode>
                </TextEquiv>
            </TextLine>
            <TextLine id="tl_1747731592" custom="readingOrder {index:8;}">
                <Coords points="3090,1670 3090,1751 3098,1759 3122,1763 3316,1759 3408,1764 3713,1764 3790,1760 4263,1764 4286,1790 4322,1785 4322,1741 4282,1692 4239,1669 4095,1635 4002,1623 3784,1615 3490,1623 3410,1612 3359,1613 3289,1623 3191,1618 3132,1633 3097,1652"/>
                <Baseline points="3090,1726 4286,1726"/>
                <TextEquiv>
                    <Unicode>Eodem die Zalte Ich Herrn Geörgen</Unicode>
                </TextEquiv>
            </TextLine>
            <TextLine id="tl_1747731610" custom="readingOrder {index:9;}">
                <Coords points="3108,1791 3110,1843 3245,1856 3663,1866 3880,1858 4086,1858 4258,1866 4274,1859 4276,1846 4273,1781 4257,1773 3740,1766 3630,1778 3575,1776 3543,1778 3508,1786 3459,1787 3339,1765 3235,1763 3153,1771 3111,1784"/>
                <Baseline points="3108,1838 4276,1838"/>
                <TextEquiv>
                    <Unicode>Lachberger von seinen dargelich</Unicode>
                </TextEquiv>
            </TextLine>
            <TextLine id="tl_1747731593" custom="readingOrder {index:10;}">
                <Coords points="4345,1895 4335,1883 4304,1877 4227,1874 4158,1863 4110,1860 3912,1860 3517,1870 3321,1866 3227,1876 3147,1877 3089,1883 3080,1893 3080,1932 3087,1937 3107,1940 3367,1945 3456,1959 3538,1959 3642,1950 3736,1951 3836,1958 4329,1952 4343,1946"/>
                <Baseline points="3080,1932 4345,1932"/>
                <TextEquiv>
                    <Unicode>enen Dreyhundert gulden Capital</Unicode>
                </TextEquiv>
            </TextLine>
            <TextLine id="tl_1747731606" custom="readingOrder {index:11;}">
                <Coords points="3103,1972 3104,2031 3118,2038 3158,2042 3604,2049 3765,2040 4086,2051 4274,2050 4285,2042 4284,1971 4264,1963 4038,1960 3909,1964 3732,1958 3497,1972 3398,1956 3248,1954 3129,1957 3110,1961"/>
                <Baseline points="3103,2026 4285,2026"/>
                <TextEquiv>
                    <Unicode>das dauon verfallene anderhalb</Unicode>
                </TextEquiv>
            </TextLine>
            <TextLine id="tl_1747731612" custom="readingOrder {index:12;}">
                <Coords points="3097,2106 3100,2124 3115,2132 3192,2147 3311,2154 3525,2154 3718,2145 3838,2151 4029,2149 4138,2153 4227,2142 4233,2134 4219,2106 4189,2080 4167,2076 4141,2064 4057,2056 3918,2061 3763,2051 3685,2050 3553,2062 3442,2051 3307,2054 3149,2049 3111,2056 3104,2062"/>
                <Baseline points="3097,2127 4233,2127"/>
                <TextEquiv>
                    <Unicode>Iährige Interesse Benentlichen</Unicode>
                </TextEquiv>
            </TextLine>
            <TextLine id="tl_1747731586" custom="readingOrder {index:13;}">
                <Coords points="3098,2176 3100,2220 3113,2228 3143,2233 3441,2241 3587,2252 3689,2253 3796,2260 3968,2261 4086,2254 4260,2253 4303,2248 4319,2240 4323,2233 4324,2209 4323,2179 4317,2166 4305,2158 4267,2155 4168,2160 4025,2155 3553,2154 3466,2160 3157,2151 3110,2155 3102,2162"/>
                <Baseline points="3098,2232 4324,2232"/>
                <TextEquiv>
                    <Unicode>Siben vnnd Zwaintzig gulden rh.</Unicode>
                </TextEquiv>
            </TextLine>
            <TextLine id="tl_1747731580" custom="readingOrder {index:14;}">
                <Coords points="4858,2308 4855,2295 4846,2288 4712,2250 4643,2237 4378,2231 4204,2245 3929,2255 3187,2248 3118,2254 3099,2269 3100,2329 3107,2340 3127,2348 3187,2357 3869,2407 4771,2406 4788,2399 4810,2376 4852,2359"/>
                <Baseline points="3099,2363 4858,2363"/>
                <TextEquiv>
                    <Unicode>vermüg Quittung so hiebey Idest 27 f - s -</Unicode>
                </TextEquiv>
            </TextLine>
            <TextLine id="tl_1747731600" custom="readingOrder {index:15;}">
                <Coords points="3056,2636 3058,2724 3074,2732 3112,2736 3200,2729 3444,2734 3598,2747 3829,2739 4124,2755 4263,2755 4282,2752 4285,2741 4285,2674 4282,2664 4273,2659 4112,2645 4011,2625 3964,2620 3631,2623 3205,2603 3104,2603 3067,2609 3059,2618"/>
                <Baseline points="3056,2717 4285,2717"/>
                <TextEquiv>
                    <Unicode>Ich beZalte auch in die Bruederschafft</Unicode>
                </TextEquiv>
            </TextLine>
            <TextLine id="tl_1747731599" custom="readingOrder {index:16;}">
                <Coords points="3100,2750 3102,2817 3117,2823 3160,2828 3288,2833 3574,2835 3661,2839 3743,2849 3885,2844 4011,2856 4287,2855 4335,2851 4349,2842 4349,2772 4346,2765 4328,2759 4280,2759 4245,2768 4195,2772 4133,2772 3925,2757 3786,2742 3613,2751 3517,2750 3271,2735 3125,2738 3105,2742"/>
                <Baseline points="3100,2825 4349,2825"/>
                <TextEquiv>
                    <Unicode>St. Sebastian von Ihren gegen fünff</Unicode>
                </TextEquiv>
            </TextLine>
            <TextLine id="tl_1747731590" custom="readingOrder {index:17;}">
                <Coords points="3115,2841 4349,2853 4349,2989 3115,2977"/>
                <Baseline points="3115,2943 4331,2943"/>
                <TextEquiv>
                    <Unicode>Pr. cento bey Gema. Statt anligendten</Unicode>
                </TextEquiv>
            </TextLine>
            <TextLine id="tl_1747731582" custom="readingOrder {index:18;}">
                <Coords points="4383,3153 4376,3130 4362,3123 4312,3125 4235,3142 4181,3144 4143,3139 4116,3128 4032,3108 3920,3099 3789,3100 3664,3121 3560,3130 3375,3134 3315,3147 3231,3158 3215,3164 3179,3200 3174,3215 3175,3263 3183,3281 3223,3298 3411,3312 3532,3336 3586,3338 3679,3330 3865,3344 4016,3344 4145,3317 4318,3306 4372,3289 4383,3271"/>
                <Baseline points="3174,3282 4383,3282"/>
                <TextEquiv>
                    <Unicode>Lattus 81 f - s - d.</Unicode>
                </TextEquiv>
            </TextLine>
            <TextEquiv>
                <Unicode></Unicode>
            </TextEquiv>
        </TextRegion>
    </Page>
</PcGts>
