4890 4077
756 746 2393 976 Quittung hiebey Idest 75 f
692 1035 2138 1218 Item Zalte Ich herrn Augustin Von
737 1194 2136 1315 Hierneyß der Röm. Kay. Maytt.
744 1288 2190 1436 Rath vnd deß Innern Statt Raths
737 1418 2153 1567 Senori von dessen bey Gmr. Statt
751 1559 2166 1692 anligenten 3000 f. Capital daß
755 1668 2176 1805 den 16. 9br. verfallene Iahrs Intee.
755 1791 2168 1931 mit Ainhundert vnd fünffzig
730 1935 2180 2075 Gulden rh. Innhalt Quittung hie
747 1972 2376 2157 bey Idest 150 f " -
731 2201 2121 2355 insimili Von seinen bey Gmr. Statt
753 2335 2136 2473 anligenten 2000 f. Capital das
768 2429 2168 2594 den 19. dis Verfallene Iahrs Intee.
755 2525 2178 2705 mit Ainhundert Gulden rh.
777 2496 2388 2828 Vermög Quittung hiebey Idest 100 f " -
741 2866 2104 3024 Wie auch Von dessen anligenten
763 2973 2131 3127 1500 f. Capital daß anheünt
766 3112 2048 3252 Verfallene Iahrs Intee. mit
790 3328 1987 3615 Latus 325 f " - "
2783 697 4196 868 Fünff vnd Sibenzig Gulden
2815 861 4602 1012 Crafft Quittung hiebey Idest 75 f " -
2724 1054 4044 1227 Ingleichen Zalte Ich herrn Thomæ
2742 1215 4081 1336 Zickh etc. alß Superintendenten
2765 1332 4055 1450 der Stainstrasserischen Stüfftung
2743 1436 4197 1557 Von denen bey Gmr. Statt anligent
2785 1555 4154 1662 vnd Zu diser Stüfftung gehörigen
2755 1669 4148 1802 1000 f. Capital daß anheünt
2729 1753 4174 1926 Verfallene Iahrs Intee. mit Funff
2744 1902 4107 2055 Zig Gulden rh. laut Quittung
2760 2015 4535 2175 hiebey Idest 50 f " -
2762 2171 4090 2320 Ebenmessig Zalt Ich Meiner Ehe
2744 2302 4118 2431 frauen Iudith Peckhartin Von
2759 2418 4102 2549 Ihrem Bey Gmr. Statt anligenten
2745 2532 4123 2720 7000 f. Capital daß an heünt
2758 2668 4156 2835 Verfallene Iahrs Intee. mit Drey
2736 2778 4194 2954 hundert vnd Funffzig Gulden
2747 2880 4612 3073 rh. gegen Quittung hiebey Idest 350 f " - "
2710 3196 3868 3547 Latus 475 f " - "
