<?xml version="1.0" encoding="UTF-8" standalone="yes"?>
<PcGts xmlns="http://schema.primaresearch.org/PAGE/gts/pagecontent/2013-07-15">
    <Metadata>
        <Creator>prov=READ-COOP:name=PyLaia@TranskribusPlatform:version=2.27.0:model_id=353485:lm=provided:date=17_06_2025_15:08</Creator>
        <Created>2025-06-11T09:32:10.047+02:00</Created>
        <LastChange>2025-08-29T10:38:03.029+02:00</LastChange>
        <TranskribusMetadata docId="8976815" pageId="98899308" pageNr="243" status="GT" userId="261754" imgUrl="https://files.transkribus.eu/Get?id=PHIUDDNUPZAKBAFHBJBOHPUC&amp;fileType=view" imageId="82988414"/>
    </Metadata>
    <Page imageFilename="98899308.tif" imageWidth="4883" imageHeight="4081">
        <TextRegion id="region_148834081" custom="readingOrder {index:0;}">
            <Coords points="0,0 2441,0 2441,4081 0,4081"/>
            <TextLine id="tl_1750157756" custom="readingOrder {index:0;}">
                <Coords points="710,863 710,923 715,933 773,943 1810,949 2002,936 2053,927 2063,922 2069,912 2065,844 2054,835 2002,818 1903,802 1702,801 1578,783 1478,776 1327,775 1229,783 874,779 814,789 765,807 748,828 724,837 715,845"/>
                <Baseline points="710,904 2069,904"/>
                <TextEquiv>
                    <Unicode>Purgerischen Fundation gehörigen</Unicode>
                </TextEquiv>
            </TextLine>
            <TextLine id="tl_1750157773" custom="readingOrder {index:1;}">
                <Coords points="700,1069 705,1079 723,1083 1173,1084 1381,1078 1713,1077 1982,1063 2087,1044 2102,1030 2103,982 2099,967 2090,958 2040,952 1921,953 1738,965 1287,952 773,956 754,960 706,983 700,1013"/>
                <Baseline points="700,1051 2103,1051"/>
                <TextEquiv>
                    <Unicode>6066 f. Capital daß anheünt Zu</Unicode>
                </TextEquiv>
            </TextLine>
            <TextLine id="tl_1750157749" custom="readingOrder {index:2;}">
                <Coords points="2167,1077 2162,1070 2144,1066 2079,1065 1654,1087 788,1104 723,1113 721,1184 734,1192 786,1196 1523,1193 1822,1197 2053,1192 2107,1186 2164,1167"/>
                <Baseline points="721,1164 2167,1164"/>
                <TextEquiv>
                    <Unicode>6. per Cento Verfallene halb Iährige</Unicode>
                </TextEquiv>
            </TextLine>
            <TextLine id="tl_1750157768" custom="readingOrder {index:3;}">
                <Coords points="701,1333 713,1338 965,1338 1057,1333 1910,1334 2073,1322 2117,1314 2126,1304 2127,1233 2124,1220 2095,1213 1681,1208 1585,1202 1274,1202 1085,1213 874,1210 756,1219 708,1240 702,1249"/>
                <Baseline points="701,1304 2127,1304"/>
                <TextEquiv>
                    <Unicode>Intee. mit Ainhundert Zway</Unicode>
                </TextEquiv>
            </TextLine>
            <TextLine id="tl_1750157770" custom="readingOrder {index:4;}">
                <Coords points="2165,1423 2153,1397 2157,1371 2147,1366 2142,1352 2117,1340 2077,1336 1741,1341 1526,1337 1048,1339 782,1359 729,1369 714,1381 717,1443 728,1450 784,1457 1126,1465 1646,1464 1788,1451 1995,1449 2081,1428 2153,1427"/>
                <Baseline points="714,1432 2165,1432"/>
                <TextEquiv>
                    <Unicode>vnd Achtzig Gulden rh. laut</Unicode>
                </TextEquiv>
            </TextLine>
            <TextLine id="tl_1750157741" custom="readingOrder {index:5;}">
                <Coords points="2376,1395 2369,1380 2337,1374 2216,1388 2159,1401 2118,1417 1943,1427 1881,1436 1732,1440 1532,1456 977,1459 823,1467 748,1478 741,1490 744,1554 767,1557 1381,1557 1579,1548 1952,1542 2290,1521 2370,1499 2377,1479"/>
                <Baseline points="741,1509 2377,1509"/>
                <TextEquiv>
                    <Unicode>Quittung hiebey Idest 182 f " -</Unicode>
                </TextEquiv>
            </TextLine>
            <TextLine id="tl_1750157767" custom="readingOrder {index:6;}">
                <Coords points="2089,1655 2081,1639 2030,1625 1917,1615 764,1627 737,1633 687,1668 682,1684 681,1780 684,1789 696,1797 731,1800 1243,1800 1414,1781 1727,1780 1916,1768 2034,1751 2083,1737 2089,1724"/>
                <Baseline points="681,1753 2089,1753"/>
                <TextEquiv>
                    <Unicode>Auch Zalte Ich dem Kay. Profess</Unicode>
                </TextEquiv>
            </TextLine>
            <TextLine id="tl_1750157751" custom="readingOrder {index:7;}">
                <Coords points="2098,1789 2095,1775 2086,1770 2017,1769 1688,1785 1435,1788 1192,1810 832,1825 785,1830 731,1846 728,1906 746,1909 1209,1908 1628,1882 1889,1872 2030,1852 2088,1837 2097,1827"/>
                <Baseline points="728,1874 2098,1874"/>
                <TextEquiv>
                    <Unicode>hauß die auf diß Monnath dahin</Unicode>
                </TextEquiv>
            </TextLine>
            <TextLine id="tl_1750157771" custom="readingOrder {index:8;}">
                <Coords points="2122,1897 2112,1888 2074,1884 1844,1883 1530,1894 1257,1919 843,1943 784,1950 734,1966 728,1978 728,2026 732,2032 1607,2033 2001,2005 2058,1998 2117,1983 2122,1972"/>
                <Baseline points="728,1994 2122,1994"/>
                <TextEquiv>
                    <Unicode>Gebührende Funffzig Gulden</Unicode>
                </TextEquiv>
            </TextLine>
            <TextLine id="tl_1750157774" custom="readingOrder {index:9;}">
                <Coords points="2133,2057 2129,2039 2120,2033 2054,2028 1778,2036 1688,2044 812,2065 759,2074 745,2082 742,2147 747,2156 1726,2155 1908,2145 1961,2147 2026,2132 2053,2121 2124,2117 2132,2097"/>
                <Baseline points="742,2124 2133,2124"/>
                <TextEquiv>
                    <Unicode>Almosen deputat auf bey ligende</Unicode>
                </TextEquiv>
            </TextLine>
            <TextLine id="tl_1750157753" custom="readingOrder {index:10;}">
                <Coords points="2396,2012 2354,2005 2310,2054 2259,2063 2104,2120 1985,2140 1755,2165 1599,2171 1008,2172 840,2180 807,2186 770,2207 767,2229 723,2273 765,2280 1252,2280 1928,2226 2151,2209 2346,2177 2388,2147"/>
                <Baseline points="767,2198 2356,2198"/>
                <TextEquiv>
                    <Unicode>Quittung Idest 50 f " -</Unicode>
                </TextEquiv>
            </TextLine>
            <TextLine id="tl_1750157772" custom="readingOrder {index:11;}">
                <Coords points="2151,2301 2144,2287 2123,2284 1773,2295 1360,2320 1110,2343 1014,2363 815,2375 754,2390 742,2398 738,2472 746,2480 759,2483 968,2490 1416,2490 1521,2481 1648,2463 1847,2450 2139,2397 2152,2384"/>
                <Baseline points="738,2437 2152,2437"/>
                <TextEquiv>
                    <Unicode>Ferer Zalte Ich Herrn P. Ignatio</Unicode>
                </TextEquiv>
            </TextLine>
            <TextLine id="tl_1750157759" custom="readingOrder {index:12;} unclear {offset:13;length:4;}">
                <Coords points="2072,2465 2069,2458 2051,2451 1995,2451 1609,2485 1281,2520 1121,2516 877,2496 778,2495 729,2501 718,2508 719,2602 727,2609 760,2612 1469,2611 1541,2606 1696,2582 1930,2557 2014,2541 2070,2518"/>
                <Baseline points="718,2571 2072,2571"/>
                <TextEquiv>
                    <Unicode>Plindenegger Soc. Iesu vnd Re</Unicode>
                </TextEquiv>
            </TextLine>
            <TextLine id="tl_1750157765" custom="readingOrder {index:13;}">
                <Coords points="2118,2605 2083,2596 2065,2592 1808,2590 1714,2595 1469,2619 1334,2620 1102,2631 938,2631 801,2639 727,2650 723,2655 723,2715 735,2720 1296,2720 1891,2690 1944,2685 1998,2671 2082,2657 2118,2653"/>
                <Baseline points="723,2686 2088,2686"/>
                <TextEquiv>
                    <Unicode>genten in heminario Von denen</Unicode>
                </TextEquiv>
            </TextLine>
            <TextLine id="tl_1750157747" custom="readingOrder {index:14;}">
                <Coords points="2109,2709 2102,2698 2075,2694 1551,2724 1231,2735 1045,2736 809,2748 739,2761 734,2785 735,2834 742,2843 1361,2845 1823,2827 2044,2794 2100,2774 2109,2764"/>
                <Baseline points="734,2805 2109,2805"/>
                <TextEquiv>
                    <Unicode>bey Gmr. anligenten Mülserischen</Unicode>
                </TextEquiv>
            </TextLine>
            <TextLine id="tl_1750157769" custom="readingOrder {index:15;}">
                <Coords points="2088,2861 2085,2852 2076,2847 2026,2844 1740,2859 1559,2856 1266,2859 798,2891 738,2904 729,2910 728,2974 737,2985 1395,2987 1827,2970 1933,2959 2081,2927 2088,2916"/>
                <Baseline points="728,2949 2088,2949"/>
                <TextEquiv>
                    <Unicode>3000 f. Capital daß an heünt</Unicode>
                </TextEquiv>
            </TextLine>
            <TextLine id="tl_1750157766" custom="readingOrder {index:16;}">
                <Coords points="2125,2974 2121,2965 2106,2959 2049,2959 1779,2981 952,3009 788,3021 735,3031 723,3038 722,3125 726,3136 771,3139 1517,3139 1721,3131 1845,3112 2002,3099 2072,3084 2117,3065 2123,3058"/>
                <Baseline points="722,3094 2125,3094"/>
                <TextEquiv>
                    <Unicode>Verfallene halb Iährige Interesse</Unicode>
                </TextEquiv>
            </TextLine>
            <TextLine id="tl_1750157752" custom="readingOrder {index:17;}">
                <Coords points="2034,3272 2022,3260 1991,3257 1889,3267 1606,3276 1368,3275 1209,3268 932,3270 881,3281 855,3292 844,3302 842,3393 846,3415 873,3432 893,3454 920,3466 979,3505 1000,3513 1012,3526 1030,3568 1020,3626 1038,3640 1074,3647 1296,3646 1385,3624 1460,3596 1566,3573 1623,3554 1806,3517 1833,3499 1861,3488 1880,3471 1920,3452 2020,3419 2029,3413 2035,3401"/>
                <Baseline points="842,3548 2035,3548"/>
                <TextEquiv>
                    <Unicode>Latus 232 f. - "</Unicode>
                </TextEquiv>
            </TextLine>
            <TextEquiv>
                <Unicode></Unicode>
            </TextEquiv>
        </TextRegion>
        <TextRegion id="region_248834081" custom="readingOrder {index:1;}">
            <Coords points="2442,0 4883,0 4883,4081 2442,4081"/>
            <TextLine id="tl_1750157748" custom="readingOrder {index:0;}">
                <Coords points="4191,785 4187,776 4174,768 4003,730 3946,713 3920,698 3878,684 3794,682 3736,696 3706,710 3610,722 3440,708 3287,724 3091,717 2901,721 2848,730 2827,743 2796,750 2779,771 2745,789 2739,829 2742,842 2752,849 2807,862 3791,864 4121,854 4180,842 4190,829"/>
                <Baseline points="2739,817 4191,817"/>
                <TextEquiv>
                    <Unicode>mit Fünff vnd Sibenzig Gulden</Unicode>
                </TextEquiv>
            </TextLine>
            <TextLine id="tl_1750157745" custom="readingOrder {index:1;}">
                <Coords points="4572,898 4563,855 4539,844 4490,837 4330,837 3841,865 3026,879 2768,906 2754,913 2752,961 2754,973 2766,982 2843,990 3719,997 4110,1007 4500,1007 4552,999 4538,980 4538,966 4566,937"/>
                <Baseline points="2752,963 4572,963"/>
                <TextEquiv>
                    <Unicode>ut Quittungen hiebey Idest 75 f " - "</Unicode>
                </TextEquiv>
            </TextLine>
            <TextLine id="tl_1750157750" custom="readingOrder {index:2;}">
                <Coords points="2742,1085 2744,1168 2762,1175 2815,1182 3477,1183 3683,1173 4044,1166 4101,1159 4111,1151 4109,1065 4099,1060 3652,1030 3207,1030 2998,1056 2916,1061 2809,1059 2754,1068 2746,1073"/>
                <Baseline points="2742,1144 4111,1144"/>
                <TextEquiv>
                    <Unicode>Weiter Zalte Ich Herrn Marcisso</Unicode>
                </TextEquiv>
            </TextLine>
            <TextLine id="tl_1750157762" custom="readingOrder {index:3;} unclear {offset:0;length:8;}">
                <Coords points="4151,1209 4144,1200 4082,1184 3573,1193 3347,1211 2826,1202 2807,1205 2807,1210 2778,1216 2768,1223 2761,1242 2759,1277 2763,1300 2803,1306 3436,1306 3656,1300 3933,1303 4148,1287 4153,1279"/>
                <Baseline points="2759,1274 4153,1274"/>
                <TextEquiv>
                    <Unicode>Elachedi Leuiten vnd Chor Caplan</Unicode>
                </TextEquiv>
            </TextLine>
            <TextLine id="tl_1750157760" custom="readingOrder {index:4;}">
                <Coords points="4140,1342 4128,1333 4028,1318 3844,1309 3381,1313 2968,1324 2846,1334 2791,1345 2783,1353 2784,1411 3367,1413 3751,1409 4115,1399 4139,1392"/>
                <Baseline points="2783,1387 4140,1387"/>
                <TextEquiv>
                    <Unicode>bey St. Stephan die Ihme wegen</Unicode>
                </TextEquiv>
            </TextLine>
            <TextLine id="tl_1750157761" custom="readingOrder {index:5;}">
                <Coords points="4172,1423 4167,1417 4152,1414 3903,1414 3351,1430 3281,1436 3282,1442 3160,1449 3116,1460 3061,1462 2967,1473 2892,1488 2800,1484 2772,1550 2878,1556 2918,1542 3686,1542 3913,1532 4056,1522 4124,1512 4133,1501 4168,1488 4172,1475"/>
                <Baseline points="2869,1510 4172,1510"/>
                <TextEquiv>
                    <Unicode>der Chor Caplaney Anheünt auf</Unicode>
                </TextEquiv>
            </TextLine>
            <TextLine id="tl_1750157763" custom="readingOrder {index:6;}">
                <Coords points="4171,1603 4165,1588 4134,1579 4115,1563 4061,1556 3985,1556 3767,1569 3584,1562 3025,1569 2944,1578 2907,1588 2843,1580 2784,1592 2757,1635 2755,1717 2753,1759 2834,1732 3386,1689 3641,1681 3998,1679 4162,1662 4171,1650"/>
                <Baseline points="2807,1655 4171,1655"/>
                <TextEquiv>
                    <Unicode> ½ Iahr Verfallene Vier vnd Zwain</Unicode>
                </TextEquiv>
            </TextLine>
            <TextLine id="tl_1750157743" custom="readingOrder {index:7;}">
                <Coords points="4193,1718 4189,1707 4125,1691 3818,1692 3614,1698 3316,1716 3022,1718 2917,1733 2797,1737 2785,1751 2743,1841 2746,1859 2832,1844 3514,1847 3675,1843 3934,1820 4064,1816 4144,1804 4151,1794 4156,1768 4182,1747 4192,1729"/>
                <Baseline points="2811,1808 4193,1808"/>
                <TextEquiv>
                    <Unicode>Zig Gulden rh. Innhalt Quitt.</Unicode>
                </TextEquiv>
            </TextLine>
            <TextLine id="tl_1750157739" custom="readingOrder {index:8;}">
                <Coords points="4588,1863 4585,1835 4574,1819 4528,1807 4229,1808 3976,1827 3925,1838 3789,1853 3387,1872 2871,1856 2810,1880 2796,1891 2708,2015 2713,2027 2839,1956 3168,1955 3452,1947 4437,1954 4522,1942 4540,1918 4583,1901"/>
                <Baseline points="2794,1918 4588,1918"/>
                <TextEquiv>
                    <Unicode>hiebey Idest 24 f " - "</Unicode>
                </TextEquiv>
            </TextLine>
            <TextLine id="tl_1750157744" custom="readingOrder {index:9;}">
                <Coords points="4144,2051 4132,2009 4120,2000 4073,1994 3889,2004 3623,2003 3361,2011 2857,2008 2786,2021 2764,2055 2731,2068 2724,2080 2723,2129 2729,2138 3045,2140 3315,2130 3931,2130 4072,2118 4138,2106 4144,2094"/>
                <Baseline points="2723,2102 4144,2102"/>
                <TextEquiv>
                    <Unicode>Gleichermassen Zalte Ich dem herrn</Unicode>
                </TextEquiv>
            </TextLine>
            <TextLine id="tl_1750157754" custom="readingOrder {index:10;}">
                <Coords points="4091,2153 4087,2148 4068,2144 3866,2148 3748,2140 3310,2139 3055,2151 2888,2163 2802,2176 2747,2197 2744,2240 2753,2245 2794,2246 3333,2245 3535,2238 3840,2237 4029,2230 4089,2220"/>
                <Baseline points="2744,2217 4091,2217"/>
                <TextEquiv>
                    <Unicode>Ober Raitthandler von deren bey</Unicode>
                </TextEquiv>
            </TextLine>
            <TextLine id="tl_1750157764" custom="readingOrder {index:11;}">
                <Coords points="4116,2254 4109,2248 4081,2244 3898,2243 3501,2249 3317,2259 3170,2260 2941,2269 2825,2278 2770,2290 2761,2296 2758,2341 2763,2353 2781,2359 2864,2362 3468,2362 3637,2351 3897,2349 4108,2330 4116,2324"/>
                <Baseline points="2758,2330 4116,2330"/>
                <TextEquiv>
                    <Unicode>Gmr. Statt anligenten Melchior</Unicode>
                </TextEquiv>
            </TextLine>
            <TextLine id="tl_1750157742" custom="readingOrder {index:12;}">
                <Coords points="4092,2373 4076,2364 4021,2359 3614,2358 3439,2371 3225,2378 2978,2373 2853,2376 2806,2380 2763,2390 2753,2404 2751,2434 2753,2453 2759,2460 2802,2474 3317,2476 3532,2464 3875,2463 4085,2448 4092,2442"/>
                <Baseline points="2751,2445 4092,2445"/>
                <TextEquiv>
                    <Unicode>Linkhischen 10000 f. Cap. daß den</Unicode>
                </TextEquiv>
            </TextLine>
            <TextLine id="tl_1750157746" custom="readingOrder {index:13;}">
                <Coords points="4090,2488 4074,2482 3945,2473 3447,2475 2808,2519 2773,2525 2759,2532 2756,2575 2758,2588 2764,2592 2802,2595 3275,2595 3591,2582 3875,2577 4033,2563 4086,2552 4092,2541"/>
                <Baseline points="2756,2563 4092,2563"/>
                <TextEquiv>
                    <Unicode>28. 9bris 685. Verfallene Zway</Unicode>
                </TextEquiv>
            </TextLine>
            <TextLine id="tl_1750157758" custom="readingOrder {index:14;}">
                <Coords points="4157,2603 4152,2596 4057,2585 3901,2583 3606,2590 3117,2613 2860,2619 2799,2625 2746,2641 2740,2655 2740,2701 2743,2710 2751,2715 2794,2719 3339,2719 3886,2698 4149,2675 4157,2668"/>
                <Baseline points="2740,2685 4157,2685"/>
                <TextEquiv>
                    <Unicode>Iährige Intee. mit Aintaußent</Unicode>
                </TextEquiv>
            </TextLine>
            <TextLine id="tl_1750157755" custom="readingOrder {index:15;}">
                <Coords points="4112,2751 4108,2735 4090,2728 3950,2723 2774,2747 2732,2752 2715,2762 2711,2778 2711,2837 2714,2856 2720,2862 2773,2870 3329,2870 3582,2861 3686,2849 4093,2826 4111,2815"/>
                <Baseline points="2711,2831 4112,2831"/>
                <TextEquiv>
                    <Unicode>Gulden rh. Vermög Quittung</Unicode>
                </TextEquiv>
            </TextLine>
            <TextLine id="tl_1750157740" custom="readingOrder {index:16;}">
                <Coords points="4570,2858 4560,2844 4510,2830 4191,2824 4047,2829 3612,2864 3336,2879 2873,2885 2783,2893 2714,2921 2701,2943 2700,2980 2708,3003 3669,2997 4543,3003 4564,2996 4572,2982"/>
                <Baseline points="2700,2956 4572,2956"/>
                <TextEquiv>
                    <Unicode>hiebey Idest 1000 f  " -</Unicode>
                </TextEquiv>
            </TextLine>
            <TextLine id="tl_1750157757" custom="readingOrder {index:17;}">
                <Coords points="2836,3168 2837,3245 2843,3256 2868,3278 2877,3308 2901,3320 2920,3339 2990,3366 3022,3383 3035,3409 3032,3463 3040,3475 3053,3479 3264,3479 3312,3462 3326,3447 3351,3437 3373,3418 3419,3404 3488,3406 3619,3429 3868,3427 3911,3412 3925,3403 3935,3384 3961,3361 3970,3337 3971,3159 3966,3143 3951,3136 3909,3134 3668,3161 3571,3162 3365,3140 3092,3128 2886,3129 2849,3143"/>
                <Baseline points="2836,3389 3971,3389"/>
                <TextEquiv>
                    <Unicode>Latus 1099 f " -</Unicode>
                </TextEquiv>
            </TextLine>
            <TextEquiv>
                <Unicode></Unicode>
            </TextEquiv>
        </TextRegion>
    </Page>
</PcGts>
