4894 4074
838 787 2147 946 Matthiae Wöger Von seinen bey
838 951 2125 1066 Gmr. Statt anligenten 1000 f.
836 1068 2140 1184 Capital daß den 16. 9br. Ver
822 1186 2167 1319 fallene Iahrs Intee. mit fünffzig
799 1320 2201 1476 Gulden rh. gegen Quittung hiebey
1966 1344 2413 1540 Idest 50 f " - "
752 1542 2182 1721 Auch Zalte Ich der Maria Fidlperger
812 1720 2127 1832 in Vorhero Sipplin Von Ihrer
804 1824 2144 1936 Kinder bey Gmr. Statt anligenten
811 1947 2075 2058 3600 f. Capital daß den 14ten
802 2064 2109 2199 octob. Verfallene Iahrs Interesse
763 2193 2139 2325 mit Ainhundert vnd Achtzig
744 2321 2135 2467 Gulden rh. auf ihr Quittung hiebei
1976 2341 2345 2478 Idest 180 f.
745 2525 2193 2669 Ferrer Zalte Ich frauen Eua Iustinæ
741 2661 2094 2773 Leischnerin Vorhero Widmanin
735 2771 2148 2906 Von Ihrer Kinder bey Gmr. Statt an
753 2907 2106 3034 ligenten 2000 f. Capital daß
769 3039 2068 3177 den 14ten diß Verfallen Iahrs
933 3267 1934 3581 Latus 230 f " - "
2771 700 4195 884 Intee. mit Ainhundert Gulden
2809 888 4494 1029 ut Quittung hiebey Idest 100 f.
2822 1060 4023 1212 Den 22. dito Zalte Ich herrn
2816 1187 4116 1336 Iohann Gualtero Bürgihter Tumb
2811 1338 4098 1452 herrn vnd Chormaistern bey St.
2818 1414 4167 1560 Stephan Von denen bey Gmr. Statt
2829 1547 4131 1674 anligenten Gärberischen 300 f. Cap.
2820 1666 4134 1786 daß den 20. diß Verfallene Iahrs
2810 1776 4096 1906 Intee. mit fünffzehen Gulden
2795 1873 4573 2040 Innhalt Quittung hiebey Idest 15 f " - "
2768 2088 4099 2246 Ingleichen dem herrn Mollitor Von
2790 2233 4144 2363 anligenten Gärberischen 750 f.
2787 2359 4062 2478 Capital daß anheünt verfallene
2799 2463 4064 2613 halb Iährige Intee. mit Acht
2787 2596 4074 2734 Zehen Gulden rh. 6 s. Vermög
2771 2681 4624 2866 Quittung hiebey Idest 18 f 6 s -
2777 2909 4063 3072 Den 23. dito Zalte Ich frauen
2861 3156 4039 3449 Latus 133 f. 6 s.
