4892 4066
788 744 2177 934 Anna Maria Borduain Catha
810 936 2148 1051 rina Zimmermanin vnd Ferdinand
819 1033 2177 1162 Spöckhl von denen bey Gemr. Statt
833 1161 2154 1291 angelegen anheunt aber bezalten
824 1296 2148 1420 ferdinandt Pfeifferischen 800 f.
802 1437 2099 1547 Capital daß den 17. diß Ver
815 1536 2128 1680 fallene 11 Monnathliche Intee. mit
782 1681 2148 1825 Sechs vnd Dreyßig Gulden
807 1818 2152 1982 5 s. 10 d. Crafft Quittung hiebey
1917 1791 2401 1996 Idest 36 g 5 s
730 2090 2076 2241 Ingleichen Von denen Spöckhischen
759 2230 2113 2358 1600 f. Capital daß den 18. diß
767 2353 2102 2487 Verfallene 11. Monnatliche Intee.
791 2474 2123 2613 mit Drey vnd Sibenzig Gul
811 2568 2163 2724 den rh. 2 s. 20 d. gegen Quitt.
763 2471 2392 2880 hiebey Idest 73 f. 20
759 2895 2071 3035 Den 28. dito Zalte Ich mehrmahlen
765 3016 2086 3154 dem herrn Chormaister Von der
847 3227 2095 3487 Latus 110 f - s - "
2729 706 4231 868 Chor bey Gmr. Statt anligenten 370 f.
2730 869 4118 984 Capital daß Zu Weyhnachten Ver
2722 991 4139 1102 fallene Iahrs Intee. mit Achtzehen
2723 1103 4173 1229 Gulden rh. 4 s. Laut Quittung hie
2757 1213 4683 1393 bey Idest 18 f. 4 s.
2723 1382 4110 1519 Dito Zalte Ich der Anna Catharina
2733 1518 4132 1637 Mezgerin Wittib von denen ihr Zue
2728 1631 4105 1747 gehörigen 400 f. Ritschischen Capital
2732 1747 4068 1861 daß an gestern Verfallene fünff
2719 1853 4149 1974 Monnathliche Intee. mit Acht Gulden
2717 1977 4125 2114 2 s. 20 d. auf ihr Quittung hiebey
3555 2062 4638 2212 Idest 8 f 2 s 20 d.
2706 2202 4083 2348 Den 29. dito Zalte Ich herrn Chor
2701 2345 4096 2454 maister die wegen der Matur oder
2698 2445 4145 2576 fruehemes iezt Weyhnachten Verfallen
2684 2576 4126 2704 Siben Gulden rh. 2 s. ut Quitt.
2685 2674 4608 2855 hiebey Idest 7 f. 2 s.
2687 2887 4064 3076 Den 30. dito Zalte Ich Ihro Gnaden
2791 3175 4146 3549 Latus 34 f. - s. 20 d.
