4906 4079
775 740 2241 950 Gulden rh. gegen Quittung hiebey
797 894 2424 1060 Idest 30 f
677 1039 2074 1188 Insimili von Ihren anligenten
692 1164 2225 1313 1000 f. Capital daß den 7.ten 7bris
690 1311 2174 1442 verfallene halb Iährige Intee. mit
698 1439 2338 1575 Fünff vnd Zwainzig Gulden rh.
735 1462 2414 1708 auf ihr Quittung hiebey Idest 25 f
706 1762 2199 1899 Wie auch Von ihren anligenten 1118 f.
720 1905 2197 2026 Capital daß den 15. Octob. Ver
727 2021 2163 2145 fallene halb Iährige Intee. mit
706 2130 2195 2265 Siben vnd Zwainzig Gulden rh.
736 2142 2406 2390 7 s. 18 d. ut Quittung hiebey Idest 27 f
704 2456 2183 2621 Ebenmessig Zalte Ich herrn Georg
704 2609 2167 2736 Heinrich Bartscherer Ober Vattern
724 2743 2110 2853 bey St. Marx Von denen bey
712 2822 2172 2968 Gmr. Statt anligenten Gabriel
715 2974 2077 3104 Creüzerischen 500. f. Capital
811 3200 2138 3540 Latus 82 f 7 s 18 d.
2742 722 4144 872 daß anheünt auf 8 Monnath 3.
2720 868 4202 990 Wochen 4. täg Verfallene Interesse
2737 986 4174 1104 mit Achtzehen Gulden rh. 3 s.
2750 1099 4714 1268 14. d. Innhalt Quittung hiebey Idest 18 f. 3 s 14 d.
2742 1304 4187 1443 Dann von denen Peter Pfawerschwan
2730 1448 4115 1567 Zischen 200 f. Capital daß vom
2699 1565 4147 1693 9ten Martii bis anheünt auf 9.
2702 1686 4146 1811 Monnath 3 täg verfallene Intee.
2726 1815 4158 1936 mit Siben gulden rh. 4 s. 16 d.
2702 1906 4685 2083 Vermög Quittung hiebey Idest 7. f. 4 s. 16.
2663 2143 4167 2306 Eodem die Zalte Ich dem Ioseph franz
2722 2294 4127 2413 vnd Iohann Iacoben Pockh von Ihrer
2720 2400 4205 2525 bey Gmr. Statt anligenten 2000 f.
2703 2522 4113 2651 Capital daß den 4. diß verfallene
2697 2627 4142 2786 halb Iährige Intee. mit Funffzig
2695 2779 4193 2932 Gulden Crafft Quittung hiebey
2790 2911 4573 3080 Idest 50 f " - "
2756 3148 3843 3519 Latus 76 f - "
