4913 4088
793 722 2276 908 ferer Zalte Ich denen H. P. P. Bar
778 906 2210 1016 nabiten bey St. Michael alhier Von
803 1010 2204 1126 ihren bey Gmr. Statt anligenten
803 1131 2283 1253 200 f. Capital daß den 12. diß ver
797 1255 2296 1386 fallene Iahrs Intee. mit Zehen Gulden
802 1327 2428 1505 ut Quittung hiebey Idest 10 f.
743 1536 2263 1707 Item Zalte Ich denen P. P. Paulanern
778 1685 2230 1820 auf der Widen von Ihren bey Gmr.
790 1808 2219 1941 Statt anligenten 1000. f. Capital
796 1941 2194 2056 daß den 10. diß verfallene Iahrs
771 2053 2164 2189 Intee. mit Fünffzig Gulden rh.
767 2093 2413 2315 Innhalt Quittung hiebey Idest 50 f
768 2344 2226 2513 Eodem die Zalte Ich herrn Iohann hein
786 2493 2197 2621 rich Kannegüesser Pfarrern in der
805 2605 2167 2730 Leopold Statt vnd Beneficiaten
787 2686 2215 2845 der Hörman Eßlohrnischen Stüfftung
773 2816 2216 2958 Von denen bey Gmr. Statt anligent
754 2953 2180 3078 Zu ermelter Stüfftung gehörigen
775 3053 2191 3195 80 f. Capital daß den 28. 9bris.
928 3281 1908 3492 Latus 60 f - "
2816 707 4161 881 Verfallene Iahrs Intee. mit Vier
2823 881 4128 1009 Gulden rh. Vermög Quittung
2865 961 4578 1111 hiebey Idest 4 f " - "
2803 1145 4185 1294 In simili Zalte Ich herrn Ober Raitt
2815 1280 4195 1400 handlern von denen bey Gmr. Statt
2816 1399 4122 1505 anligenten Claudi Pugnictischen
2824 1514 4018 1636 m/10 f. Capital daß den Lezten
2811 1600 4127 1754 Maii 686. Verfallene Iahrs Intee.
2829 1741 4117 1872 mit fünffhundert Gulden rh.
2825 1829 4542 1995 Crafft Quittung hiebey Idest 500 f " - "
2809 2026 4076 2165 Dann Zalte Ich frauen Elisabetha
2815 2160 4100 2275 Enßpaumbin Wittib Von ihren
2794 2233 4216 2389 bey Gmr. Statt anligenten 3500 f.
2793 2400 4065 2523 Capital daß den 17. diß Verfallene
2779 2517 4145 2659 halb Iährige Intee. mit Siben vnd
2771 2669 4095 2799 Achtzig Gulden rh. 4 s. laut
2771 2746 4607 2928 Quittung hiebey Idest 87 f. 4 s.
2772 2942 3907 3111 Dito Zalte Ich herrn Andree
2864 3207 3981 3467 Latus 591. f. 4 s.
