4875 4058
743 754 2141 933 Herrn Grundeman in abschlag der
755 937 2167 1050 auf diß Iahr Verfallenen Freyh.
741 1041 2183 1168 Chaosischen Intee. benentlichen Ain
745 1176 2137 1298 taußent Zwayhundert vnd
752 1275 2270 1432 funfzig Gulden rh. Innhalt Quitt.
758 1360 2377 1530 hiebey Idest 1250 f
753 1551 2159 1702 Dito Zalte Ich herrn ferdinandt von
761 1670 2229 1820 Raidegg Kierchmaistern bey St. Stephan
772 1791 2108 1937 wegen der Litaney am Hoff die
775 1905 2187 2050 der Kierchen auf diß Iahr gebühren
752 2041 2142 2169 te den 21. Iunii Verfallene Ain
751 2147 2208 2287 hundert vnd Zwainzig Gulden
766 2140 2383 2390 rh. Crafft Quittung hiebey Idest 120 f.
734 2463 2115 2617 Inngleichen Zalte Ich herrn Iohann
731 2590 2155 2714 Michael Hämerl Spitlmaistern im
727 2723 2071 2866 Kay. Hoff Spitall Von dem
774 2847 2116 2991 bey Gmr. Statt anligenten bene
754 2971 2112 3112 dict Kalchischen 566 f. Capital
778 3090 2108 3235 daß Auf diß Iahr verfallene
791 3316 1979 3631 Latus 1370 f " -
2689 674 4190 846 Iahrs Intee. mit Acht vnd Zwain
2705 854 4118 983 Zig Gulden rh. 2 s. 12 d. Laut
2741 902 4719 1097 Quittung hiebey Idest 28 f. 2 s 12 d
2729 1149 4012 1289 Den Lezten dito Zalte Ich Herrn
2721 1277 4047 1402 Simon Stephan Schuester der Röm.
2718 1384 4099 1510 Kay. Maytt. Rath deß vnd burger
2714 1502 4092 1624 maister Ambts Verwalttern Von
2747 1615 4092 1725 seinen bey Gem. Statt anligenten
2727 1723 4158 1867 8000 f. Capital daß den 8.ten octob.
2762 1849 4111 1989 Verfallene halb Iahrige Intee. mit
2692 2000 4112 2134 Zway hundert Gulden rh. gegen
2728 2070 4534 2244 Quittung hiebey Idest 200 f " - "
2730 2272 4061 2407 Dito Zalte Ich Herrn daniel Fockhy
2729 2403 4053 2510 der Röm. Kay. Maytt. Rath vnd
2743 2505 4081 2632 des Innern Statt Raths feniori Von
2712 2622 4023 2784 seinen bey Gmr. Statt anligenten
2718 2747 4109 2898 3000 f. Capital daß anheünt Ver
2714 2863 4149 3014 fallene halb Iahrige Intee. mit fünff
2718 2987 4017 3118 vnd Sibenzig Gulden rh. ut
2854 3171 4105 3495 Latus 228 f. 2 s 12 d.
