5422 3668
782 1292 1805 1580 Suma Innemen vom Tröglambt
893 1552 1805 1682 ꞩ c xlviii γ iii s x d
3318 351 4568 565 Innemen von der Stat Gruntpuch
3387 571 4548 700 An sand Thomans Abend emphan
3412 682 4490 758 gen von herrn Larenntzn hittndorffer
3413 751 4433 823 vnd Bertlmeen Schalantzer ver
3399 824 4406 901 wesern der Stat Gruntbucher so
3402 857 5079 1022 das Iar dabey gefallen ist c xviii γ ii s xi d
3372 1820 4514 2081 Suma Innemen von der Stat Gruntbucher
3398 2061 4208 2175 ꞩ C xviii γ ii s xi d
