5446 3656
860 419 1980 558 An Suntag Reminiscere in der vassen
926 507 2572 655 vber des Trögler Sold v γ vi s v d
873 638 1990 759 An Suntag oculi in der vassen vber
888 729 2549 891 des Trogler Sold v γ vi s xviii d
878 848 1993 966 An Suntag Letare in der vassen vber
905 917 2564 1059 des Trögler Sold v γ ii s xii d
878 1031 1994 1162 An Suntag Indra in der vassen vber
916 1117 2552 1260 des Trogler Sold vii γ s d
832 1230 1945 1338 Des tags emphanngen Stanndgelt
890 1329 1986 1409 von xviii heringhutten per Trögler
911 1372 2560 1513 von ainer iiii s ꞩ viiii γ d
852 1516 1938 1623 An Suntag Palmarum vber des
891 1585 2535 1696 Trögler Sold viii γ iii s xxi d
881 1697 1945 1812 An Suntag dem heiligen Ostertag
900 1766 2536 1875 vber des Trögler Sold v γ x d
839 1887 1933 1999 An Suntag vor sand Georgen tag
911 1961 2526 2104 vber des Trögler Sold ii γ ii s d
891 2096 1875 2171 An Suntag nach dem Ostertag
903 2136 2536 2275 vber des Trögler Sold ii γ v s x d
869 2270 1956 2379 An Suntag nach sand Georgen tag
887 2346 2529 2461 vber des Trogler Sold vii s x d
869 2464 2016 2573 An Suntag nach Innenrois  S. Cr ns
892 2532 2534 2695 vber des Trögler Sold i γ vi s ii d
847 2771 1961 3094 Latus Liiii γ iiii s xxviii d
3413 395 4417 549 An Suntag sand Pangratzen tag
3449 527 5117 632 vber des Trogler Sold iii γ d
3422 635 4453 761 An Suntag nach Sophie vber des
3464 714 5119 843 Trogler Sold iii γ i s xxi d
3447 842 4485 920 An Suntag dem heiligen Phingstag
3460 875 5122 1008 vber des Trögler Sold ii γ v s xxviii d
3431 1014 4434 1125 An Suntag Trinitatis vber des
3480 1058 5120 1194 Trögler Sold iiii γ vii s xx d
3462 1189 4534 1307 An Suntag nach Gotzleichnams tag
3470 1271 5119 1398 vber des Trogler Sold iii γ v s x d.
3417 1396 4544 1514 An Suntag nach sand verts tag vber
3439 1462 5143 1595 des Trogler Sold iii γ s x d
3429 1602 4502 1699 An Suntag vor sand Iohanns tag Zum
3441 1681 5120 1809 Suwenden vber des Trogler Sold ii γ i s xx d
3443 1814 4480 1907 An Suntag nach Petri vnd Pauli
3471 1865 5104 2003 vber des Trögler Sold ii γ i s x d
3451 2010 4458 2110 An Suntag nach sand vlrichs tag
3472 2070 5119 2207 vber des Trögler Sold ii γ vi s x d
3446 2213 4525 2316 An Suntag nach sand Margreten tag
3478 2260 5104 2390 vber des Trögler Sold i γ iiii s xi d
3451 2395 4543 2486 An Suntag nach sand Alexien tag
3468 2451 5111 2593 vber des Trogler Sold i γ iii s x d
3371 2747 4302 3095 Latus xxx γ vii s d.
