5430 3658
879 383 2022 557 An Suntag nach sand Iacobs tag vber
933 529 2526 651 des Trögler Sold iii γ i s ii d
894 639 1926 742 An Suntag nach sand Stephans tag
928 721 2543 854 Sint vber des Trogler Sold i γ iiii s xxvii d
895 827 1967 932 An Suntag nach sand Larenntzen tag
914 909 2543 1012 vber des Trögler Sold i γ xv d
889 1003 1962 1112 An Suntag nach vnnser Frawntag der
897 1109 2527 1228 Schidung vber des Trogler Sold v s xxviii d
909 1225 1974 1325 An Suntag nach sand Bertlmees tag
923 1303 2514 1440 vber des Trögler Sold i γ iii s xxi d
879 1425 1970 1523 An Suntag nach sand Augustins tag
924 1503 2535 1634 vber des Trögler Sold i γ i s xxii d
901 1621 1986 1734 An Suntag vnnser Frawntag der geburd
912 1720 2541 1840 vber des Trogler S i γ ii s xii d
883 1833 1987 1939 An Suntag nach Exattarois S. C
919 1917 2543 2074 vber des Trogler S i γ ii s xii d
870 2036 1919 2137 An Suntag nach sand Mathens tag
909 2126 2523 2259 vber des Trogler Sold ii γ xiiii d
880 2225 1947 2335 An Suntag sand Michels tag vber
909 2294 2518 2438 des Trogler Sold i γ i s d
882 2424 1906 2533 An Suntag nach Francisci vber
921 2490 2545 2628 des Trogler Sold ii γ xviii d
747 2784 1924 3144 Latus xvii γ iii s xxiiii d
3392 382 4480 531 An Suntag sand Colmans tag vber
3428 489 5097 629 des Trögler Sold i γ vi s vii s
3414 596 4415 733 An Suntag nach Galli   vber des
3438 670 5079 796 Trögler Sold i γ iiii s xx d
3399 815 4406 901 An Suntag vor sand Simons tag
3444 871 5081 1012 vber des Trögler Sold i γ vii s iii d
3407 997 4474 1099 An Suntag nach Allerheiligen tag
3432 1062 5070 1189 vber des Trögler Sold iii γ ii d
3433 1191 4406 1288 An Suntag vor sand Mertten tag
3438 1254 5078 1388 vber des Trogler Sold ii γ iii s xviii d
3414 1390 4425 1483 An Suntag vor sand Elzbeten tag
3450 1441 5075 1577 vber des Trögler Sold iii γ s v d
3428 1585 4449 1686 An Suntag vor sand Kathrein tag
3451 1657 5099 1790 vber des Trögler Sold iii γ ii s xvi d
3437 1780 4485 1879 An Suntag nach sand Andrees tag
3444 1845 5076 1964 vber des Trogler Sold iii γ iiii d
3417 1986 4482 2086 An Suntag nach sand Niclas tag
3458 2040 5072 2173 vber des Trogler Sold iii γ iii s d
3418 2174 4453 2273 An Suntag nach sand Lucein tag
3469 2236 5082 2374 vber des Trögler Sold ii γ iii s xii d
3428 2367 4460 2474 An Suntag nach sand Thomans
3470 2434 5079 2591 tag vber des Trögler Sold ii γ i s xx d
3412 2707 4476 3094 Latus xxviii γ ii s xvii d.
