5467 3660
3440 520 4480 660 Vermerkht mein Ieronimeen
3455 648 4467 745 Kisling des Rates vnd Camrer
3437 742 4489 813 der Stat Wienn Raittung Innemen
3448 810 4456 889 vnd Ausgeben so Ich von desselben
3446 880 4470 948 Camerambts vnd Gemainer Stat
3447 944 4440 1010 wegen gehanndelt vnd tan habe
3458 1008 4479 1094 Anno domini Millesimo Quingente
3474 1063 3905 1142 sino Quarto
3391 1228 4634 1430 Vonerst mein Innemen von Re
3530 1412 3889 1499 manentzn
3414 1509 4542 1629 Amersten leg Ich in mein Innemen
3445 1624 4599 1701 das Ich das verganngen Iar per Rest
3474 1692 4585 1776 an meiner Raittung schuldig
3484 1724 5090 1879 bin worden ꞩ Lxxxii γ iiii s iii d
3427 1870 4495 1971 An sand Michels tag emphangen
3451 1964 4556 2035 von heren hannsn during prugk
3461 2029 4554 2105 maister an der Schulden so Er Ge
3467 2100 4546 2171 mainer Stat des gemelten Ambts
3453 2167 4530 2255 halben schuldig ist vt Q so Ich
3449 2219 5080 2346 Im geben habe ꞩ cc γ d
3410 2591 4372 2949 Latus cc Lxxxii γ iiii s iii d
