5453 3650
877 407 1960 540 Innemen der Nutz vnd Remanentzen
940 534 1899 613 auf der Stat Mawthaws in der
923 597 1535 709 Wildwercherstraß
882 727 1968 832 Von Micheln Verchtwannger vnd
917 828 1945 895 oswalden Ernnst Innemern vnd
909 887 1993 962 verwesern der Stat nutz vnd Remanentzen
916 956 1944 1026 auf dem benannten Mawthaus
892 1023 1964 1101 von denselben nutzen vnd Remanentzen
887 1091 1975 1173 Ir verwesung eingenomen vnd
899 1167 1999 1256 emphanngen Innhalt der Q so Sy
922 1230 2649 1378 von mir haben i M viiii C liiii γ iiii s xviii d
856 2106 2023 2233 Suma Innemen der Nutz und Remanentzen auf dem
888 2220 1913 2292 Mauthaus in der Wildwercherstrass
890 2277 1988 2429 ꞩ i viiii liiii γ iiii s xviii d
3400 376 4480 539 Innemen vom Tröglambt
3438 524 4519 600 vnd den Zwayen Vrschprunnen am
3465 587 4296 686 hohenmarkht vnd am hofe
3440 685 4521 803 An Suntag vor dem Newen Iarstag
3453 796 4502 862 emphanngen von Wolfganngen
3449 861 4533 930 panstingl Trogler vber das phunt
3448 925 4605 995 phening so man Im wochenlich vom
3436 948 5166 1088 Troglambt Zu Sold phligt Zugeben i γ xii d
3438 1086 4493 1181 An Suntag nach der heiligen dreir
3446 1156 5166 1296 kunigen tag vber des Trogler Sold ii γ iiii s iiii s
3421 1287 4479 1399 An Suntag vor Antoni vber des
3470 1364 5152 1499 Trogler Gold ii γ iii s x d
3420 1491 4525 1590 An Suntag nach sand Sebastians tag
3475 1565 5166 1703 vber des Trögler Sold  i γ ii s xii d
3446 1691 4562 1779 An Suntag nach sand Pauls tag Con
3458 1764 5162 1904 nersionis vber des Trögler Sold i γ ii s xi d
3428 1892 4532 2009 An Suntag nach hechtmessen vber
3442 1940 5156 2090 des Trogler Sold ii γ vi s xxiiii d
3396 2072 4552 2205 An Suntag nach Apolonie vber des
3482 2163 5168 2283 Trögler Sold iiii s viiii d
3413 2265 4459 2372 An Suntag Esto michi vber des
3470 2330 5150 2463 Trogler Sold iii s xxviiii d
3423 2446 4558 2573 An Suntag Innocanit in der vassen
3469 2543 5153 2675 vber des Trögler Sold iii γ v s x d
3439 2991 4380 3164 Latus xvii γ i s i d.
