4944 4188
728 600 1939 763 Dem Herrn Iohann Georg
711 773 1954 863 Hager sein auf diß iahr
671 863 1987 957 Verfallene bsoldung undt
705 960 2030 1049 Schmaltz gelt Vermög 4 Quit
733 903 2530 1166 tungen mit 430 f. - kr
726 1269 1982 1414 Dem Herrn Franz Ioseph
728 1426 1999 1527 Holzer seine Vor diß iahr
715 1528 1981 1620 Verfallene bsoldung undt
722 1628 2038 1731 Schmalz gelt Vermög 5. Quit
725 1664 2517 1837 tungen 430 f. - " -
684 1936 1997 2083 Dem Herrn Ioseph Höpffner
700 2082 2002 2187 Von brendt seine auf diß
726 2193 1927 2277 iahr Verfallene bsoldung
732 2277 1928 2371 undt Schmalz gelt Laut 5.
732 2301 2510 2474 Quittungen mit 430 f. - " -
756 2598 1948 2728 Dem Herrn Lorenz Ioseph
725 2727 1954 2827 Schmidt sein auf diß iahr
719 2820 1952 2914 Verfallenes Schmalz geldt
750 2827 2510 3013 undt bsoldung inhalt 5 Quit. 430 f. - " -
674 3095 2040 3280 Dem Herrn Iohann baptista
1840 3130 2501 3391 1720 f. - kr
2941 648 4187 784 Reittmayr seine Vor diß
2925 768 4133 896 iahr Verfallene bsoldung
2935 855 4153 980 undt schmalz gelt inhalt 4.
2951 918 4779 1058 Quittungen mit 430 f. - kr
2932 1150 4175 1316 Dem Herrn Franz Ioseph
2931 1298 4109 1414 Stiermb seine auf diß
2931 1382 4127 1503 Iahr Verfallene bsoldung
2932 1483 4120 1599 undt Schmalz gelt Laut 4.
2944 1568 4727 1701 Quittungen mit 430 f. - " -
2924 1815 4158 1981 Dem Herrn Georg Conradt
2942 1969 4129 2067 Antoni von Franzenau seine
2938 2049 4186 2160 bsoldung Von ersten Ianu.
2943 2127 4190 2249 biß Lezten Septemb. 725. auf
2940 2215 4185 2363 ¾ Iahr wie auch daß Schmaltz
2930 2329 4123 2440 gelt inhalt 4 Quittungen
2947 2390 4766 2517 mit 330 f. - " -
2934 2616 4143 2778 Dem Herrn Leopoldt Antonio
2912 2765 4134 2873 Von Wimesberg sein Vor
2928 2848 4165 2959 diß iahr Verfallene bsoldung
2942 2908 4813 3057 undt schmalz gelt mit 430 f. - " -
2878 3115 4164 3312 Dem Herrn Nicola Ioseph
4077 3213 4809 3354 1620 f. - kr
