4943 4189
665 640 1944 761 Von Streittforth seine Vor
710 771 1959 861 diß Iahr Verfallene bsoldung
715 861 1964 958 sambt dem Schmalz gelt Laut
681 861 2513 1059 5. Quittungen mit 430 f. - kr
714 1173 1943 1308 Dem Herrn Andrea Ludtwig
702 1314 1972 1405 Leitgeb seine Vor diß iahr
681 1409 1964 1498 Verfallene bsoldung undt
708 1496 2051 1598 Schmalz Deputat inhalt 4 Quit
698 1537 2528 1698 tungen mit 430 f. - " -
755 1813 2067 1980 Gemr. Statt Syndici und Physici.
724 2084 1940 2228 Dan Zalte ich dem Herrn
708 2231 1995 2339 Prosper Gerhaußer I. u. D.
734 2334 1976 2430 undt Gemr. Statt Wienn Syndico
734 2440 1921 2534 seine Von ersten Ienner
739 2527 1925 2625 bis 31 Xber. 725. auf ain
724 2617 1931 2706 iahr Verfallene bstallung
734 2634 2520 2819 sambt dem Neüen iahr mit 124 f. - " -
723 2941 1935 3077 Dem Herrn Iohann Geörg
733 3069 1944 3171 Hundes hagen I. u. D. undt
716 3164 1996 3276 Gemr. Statt Sindico sein Von
1911 3136 2509 3393 984 f. - kr
2928 661 4117 796 Ersten Ianu. 724. biß
2934 761 4138 891 Lezten Xber. 725 auf 2.
2936 856 4124 1005 Iahr Verfallene bstallung
2916 979 4125 1077 sambt dem Neuen iahr in
2897 1033 4809 1176 halt 2. Quittungen mit 248 f. - kr
2946 1290 4123 1461 Dem Herrn Matthia Sigmund
2951 1416 4182 1540 Gußman I. u. D. undt Statt
2943 1534 4112 1644 Sindico seine auf ain iahr
2913 1616 4118 1732 Verfallene bstallung ut
2962 1642 4721 1821 4. Quittungen mit 100 f " - " -
2968 1792 3878 1891 idest biß 30. 7tb. 725.
2948 1978 4161 2119 Ingleichen die Ihme wegen
2960 2100 4172 2213 der Sindicatur in der Leopoldstatt
2899 2190 4150 2308 Von 19ten Nouemb. 724. biß
2924 2295 4143 2397 dito 725. auf ain iahr ver
2918 2366 4148 2491 fallene bstallung Laut 4 Quit
2904 2423 4735 2582 tungen mit 100 f " - " -
2929 2726 4111 2878 Dan Zalte ich der Frauen
2924 2831 4150 2970 Christina bahrin beyl. h.
2918 2931 4185 3059 Iohann Leopold bahr gewest gemr.
2980 3016 4174 3128 Statt Sindici seel. hinterlassner
2938 3118 4132 3223 Frauen wittib die ihr Von
4068 3199 4788 3333 448 f. - kr
