4964 4219
737 675 1965 812 Einem Löbl. Statt Rath ihres
715 817 1888 908 Ehe Herrs seel. auf daß
710 909 1992 999 ganze 725te iahr Zu bezallen
723 1002 1955 1095 Verwilligte Sindicats bstallung
741 1099 1951 1191 inhalt berathschlagten Ain
731 1190 1901 1283 bringen undt Quittung
740 1114 2538 1375 mit 100 f " - kr
757 1504 2002 1645 Dem Herrn Christoph Rukh
758 1648 1975 1748 Med. Dri. undt Magistro Sanitatis
764 1756 1972 1844 in der Statt seine auf diß
748 1844 1949 1933 iahr Verfallene bstallung
742 1861 2523 2037 inhalt Quittungen 150 f - " -
775 2178 2012 2325 Dem Herrn Thoma Widt
777 2331 1914 2419 mann Magistro Sanitatis in
773 2426 1974 2525 der Ioseph Statt seine be
749 2525 1986 2622 stallung auf diß iahr ut
774 2564 2495 2743 4. Quittungen mit 50 f - " -
777 2864 1945 2993 Dem Herrn Franz Rauerio
791 2995 1933 3094 bensa Magistro Sanitatis Vor
769 3098 2000 3196 der Statt undt Lazaret sein
780 3108 2533 3319 bestallung auf diß iahr 200 f. - " -
1890 3231 2522 3462 500 f. - " -
2964 630 4175 826 Dem Herrn Iohann Antonio
2939 785 4137 923 Franz deimbl Phisico in der
2942 873 4213 998 Leopoltstatt sein Von 1ten
2947 980 4095 1093 Nouemb. 724. biß Lezten
2953 1040 4153 1200 Ienner 726. auf 5/4 iahr
2907 1174 4055 1279 Verfallene bstallung
2968 1180 4795 1373 mit 125 f. - kr
2960 1436 4178 1614 Dem Herrn Matthia Daniel
2965 1577 4134 1706 Miller Physico bey St. Marx
2952 1687 4114 1802 undt auf der Wyden
2917 1744 4186 1894 seine biß 3ten Octob. 725.
2912 1853 4176 1991 Verfallene iahrs bstallung
2965 1919 4764 2086 mit 50 f. - " -
2968 2161 4175 2352 Gemr. Statt Ober Camer Ambt
2915 2471 4119 2634 Alhier bringe ich in die
2941 2572 4178 2723 Außgab die Mir alß Ober
2950 2670 4112 2812 Camerern Vor diß iahr
2954 2771 4183 2904 gebührendte Ambts bsoldung
2969 2830 4741 2991 mit 400 f. - " -
2963 3064 4124 3202 Ingleichen die Mir wegen
2967 3147 4149 3298 der Leopoldstatt auf diß
2980 3114 4743 3375 iahr Verfallene 150 f. - " -
4084 3308 4814 3426 725 f. - kr
