5037 4197
756 655 1924 784 Superintendenten Stöll in der
769 784 1935 875 Leopoldstatt seine Iährliche
763 880 1926 969 100 f. Zusamben inhalt 2.
777 825 2538 1061 Quittungen  600 f. - kr
763 1125 1925 1231 Notandum die helffte der ¾
760 1232 1947 1330 Iährigen Raths undt helffte
757 1328 1975 1421 der iährlichen Superintendenten
762 1413 1979 1516 bsoldung ist ihme Herrn Neu
751 1513 1993 1596 pauer wegen seines Gemr.
742 1587 2055 1679 Statt restierendten Capital undt
767 1681 1961 1776 Intee. ausstandts Zu Folge
748 1774 1998 1859 deß vntern 4 Iunii 725 er
764 1859 2038 1950 lassenen Raths Decrets Zuruckh
779 1950 1994 2040 behalten undt Vorn fol. 50.
784 2036 1965 2143 ordentlich in empfang ge
776 2120 1475 2223 bracht wordten
812 2335 2111 2470 Dem Herrn Carl Egidio Welsch
814 2478 2044 2566 seine Von ersten 8tbr. 724.
813 2566 2017 2652 biß Ersten Xber. 725 auf 5/4
800 2649 2019 2739 iahr Verfallene Raths be
786 2740 2003 2838 soldung Laut 5 Quittungen
784 2677 2540 2924 mit 625 f. - kr
794 3038 2053 3197 Dem Herrn Iohann baptista
779 3196 2054 3332 Päzoll des Innern Raths
1850 3175 2542 3406 1225 f. - kr
3000 638 4201 754 seine Vor diß iahr Ver
2988 727 4233 835 fallene Raths bsoldung Laut
2994 800 4817 947 4. Quittungen 500 f " - " -
2967 1029 4160 1177 Item wegen obhabendten
2987 1154 4182 1263 Comissionen auf der Pupilen
2998 1227 4186 1358 Raitt Camer auf diß iahr
3011 1304 4769 1452 bezalt ut 4 Quittungen 200 f. - " -
2992 1548 4213 1705 Dan wegen der Superintendenten
2986 1679 4096 1805 Stöll in der Leopold Statt
2979 1774 4104 1899 Vermög 4. Quittungen
3005 1810 4800 1986 bezalt 100 f " - " -
3011 2077 4177 2250 Dem Herrn Iohann Iacob
3008 2213 4157 2365 Nagl seine auf diß iahr
2992 2303 4167 2458 Verfallene Raths bsoldung
3015 2405 4815 2550 inhalt 4. Quittungen 500 f. - " -
2991 2648 4202 2808 Ingleichen auch wegen der
3012 2775 4162 2895 Comissionen auf der Pupilen
3036 2862 4125 2997 Raitt Camer die iährliche
3021 2961 4159 3082 200 f. dan wegen obhabenter
3020 3047 4095 3155 Superintendenten stöll in der
3025 3105 4149 3259 Iosephstatt undt Lerch feldt
3026 3157 4820 3339 100 f. Zusamben Laut 8 Quit. 300 f. - " -
4073 3279 4874 3400 1600 f. - kr.
