4953 4194
791 638 2012 763 Dan |:titl:| Herrn Iohann
765 771 1993 860 Lorentz Trunckh von Quettenberg
781 864 1979 958 der Röm. Kay. May. Rath
782 951 2040 1039 undt deß Innern Statt Raths
788 1007 2534 1138 Seniori Lauth Quittung 500 f " - " -
760 1221 1990 1378 Wie auch |:titl:| Herrn Ioh.
769 1382 1943 1466 Franz Wenighoffer der
753 1472 1980 1562 Röm. Kay. May. Rath undt
777 1561 1991 1650 deß Innern Statt Raths
774 1616 2519 1762 Seniori Vermög Quittung 500 f. - " -
782 1863 2027 2000 Dem Herrn Zacharia Adalberto
774 2001 2014 2098 Hüttner I. u. Du. undt gmr.
764 2094 2056 2195 Statt Sindico Primario undt Stattschrei
770 2194 1981 2282 bern seine bsoldung auf
773 2279 1932 2390 diß iahr Laut 4 Quitungen
780 2305 2505 2491 mit 1700 f. - kr
761 2538 1932 2702 Ingleichen wegen habenter
765 2696 1967 2805 Inspection Über Gemr. Statt
777 2798 1990 2898 Grundtbuch Vermög seinen
776 2889 1960 2994 2. Quittungen Vor diß
769 2890 2503 3087 iahr bezalt 67 f. - " -
768 3177 1982 3363 Dem Herrn Iohann Geörg
1923 3210 2492 3439 2767 f. - Xer
2947 679 4158 793 Ferdinandt von Stein seine
2941 798 4151 876 Vor diß iahr Verfallene
2934 866 4257 966 Raths bsoldung inhalt 2 Quit
2943 946 4811 1077 tungen 500 f. - kr
2952 1200 4135 1351 Dem Herrn Iohann Nicola
2947 1340 4133 1451 Winckhler von Streitt forth
2961 1435 4153 1540 seine Raths bsoldung auf
2942 1523 4799 1650 diß iahr mit 500 f. - " -
2934 1740 4154 1886 Item Ihme wegen abhabenten
2939 1878 4148 1982 Comissionen auf Gemr. Statt
2951 1973 4127 2067 Pupilen Raitt Camer Laut
2941 2038 4800 2177 4 Quittungen bezalt 200 f. - " -
2933 2272 4153 2445 Auch setze ich in Außgab
2930 2432 4141 2532 Meine Vor diß iahr Ver
2884 2447 4763 2647 fallene Raths bsoldung per 500 f. - kr
2914 2796 4068 2952 Dem Herrn Iohann Chri
2899 2946 4043 3038 stian Neupauer seine
2893 3033 4026 3132 Vor diß iahr verfallene
2923 3112 4075 3220 Raths bsoldung per 500 f.
2915 3212 4073 3343 die auch wegen obhabenter
4000 3294 4777 3418 1700 f. - kr
