4938 4149
659 602 2030 753 Ferers Zalte ich dem Herrn
755 751 1938 846 Adam Caspar Günßmann
743 832 1983 929 deß Innern Raths undt
758 939 1960 1027 gewesten Vnter Camerern
759 1032 1972 1131 die Ihme Von Einen Löbl.
751 1120 1986 1228 Statt Rath wegen Resignierten
739 1234 1988 1321 Vnter Camer Ambts in an
757 1316 1992 1405 sechung deren gemr. Statt
752 1406 2022 1496 gelaisten Nuzbahren diensten
770 1499 2032 1581 mit anfang seiner abtrettung
764 1581 2033 1669 biß Zu erlangung der würkh
742 1666 2030 1762 lichen Raths bsoldung Iährlich
773 1763 1967 1851 Assigniert undt Vorhin Von
756 1854 2020 1937 Herrn Altschaffer seel. ge
751 1940 1999 2021 nossenen 500 f. Von ersten
778 2023 1951 2111 Febr. biß Lezten Octob.
776 2110 1975 2196 725. auf ¾ Iahr Ver
748 2193 2054 2278 fallene 375 f. Laut vidimirten
759 2285 1998 2391 Rathschlag undt 3 Quittungen
756 2268 2501 2473 hiebey 375 f. - kr
774 2600 1984 2730 Dan Zalte ich dem Herrn
772 2734 1987 2837 Christoph Ernst Till gemr.
773 2843 1969 2931 Statt Wienn Secretario seine
773 2935 1948 3019 auf diß iahr befallene
761 3016 1970 3120 bsoldung inhalt 4 Quittungen
775 2977 2508 3218 mit 810 f - " -
1916 3129 2509 3343 1185 f. - kr
2875 585 4117 752 Item Ihme Herrn Till sein
2867 709 4120 852 auf diß iahr Verfallenes
2881 687 4744 945 Grundtbuchs Deputat mit 105 f. - kr
3116 991 3927 1167 Kay. Statt Gericht
2907 1276 4111 1433 Dem Herrn Iohann Franz
2899 1371 4174 1530 Purkh Kay. Statt undt Landt
2894 1502 4120 1627 Richtern die ihme Vor diß
2893 1589 4126 1723 Iahr Verfallene Raths Recompens
2900 1652 4115 1807 Vermög berathschlagten An
2900 1772 4158 1895 bringen undt darauf gestel
2896 1763 4761 1970 ten Quittung mit 500 f. - kr
2902 2082 4155 2258 Dem Herrn Franz Lorentz Carl
2906 2223 4124 2351 Peträtscher Statt gerichts bey
2919 2296 4150 2440 sützern sein Vor diß iahr
2902 2388 4168 2529 Verfallene bsoldung sambt
2920 2486 4152 2629 dem Schmaltz Deputat inhalt
2946 2572 4783 2727 4. Quittungen 430 f. - " -
2922 2806 4150 2968 Dem Herrn Iohann baptista
2916 2924 4148 3053 vianini sein auf diß iahr ver
2918 3022 4152 3128 fallene bsoldung undt Schmalz
2936 3073 4785 3232 Deputat Laut 4 . Quittungen 430 f. - " -
4101 3170 4791 3303 1465 f. - kr
