6277 4760
3986 203 5171 707 Empfang
3675 714 5357 923 An Eingangenen umb gelds gföhl
5460 584 6102 691 f kr d.
3789 989 5318 1164 Desgleichen Bringe ich in Empfang
3804 1159 5321 1274 die diss 741te Iahr eingangen und
3804 1277 5253 1385 mir Von dem h. Iohann Adam
3811 1374 5296 1497 Küerner des aussern Raths und
3784 1489 5332 1608 umbgelts Einnehmern Monath. zum
3769 1597 5335 1718 Ober Camer Ambt abgeführte umb
3788 1724 4598 1842 gelts gföhl als
3786 1848 5277 2027 Den Ersten Febr. anno 741 pro
3756 1983 6116 2153 Ianuario Benent. 613 " 21 " - "
3756 2227 6126 2425 Den ersten Martii so pro Febr. 1510 " 55 " - "
3756 2485 6119 2656 Den ersten April pro Martio 1573 " 36 " - "
3742 2686 6128 2894 Den 2.ten Maii pro Aprili 1607 " 10 " - "
3750 2964 6114 3169 Den ersten Iunii pro Maio 1919 " 53 " - "
3725 3222 6123 3436 Den ersten Iulii pro Iunio 1804 " 39 " - "
3760 3487 6115 3718 Den ersten Aug. pro Iulio 1450 " 24 " -
5211 3761 6115 3934 10479 f 58 kr
