6312 4715
2621 612 3157 705 f kr d.
816 755 2386 900 georg Gast wegen des ihme zu
800 902 2358 1017 folge Beratschlagten Ober Camer
840 1019 2393 1133 Ambts Bericht Anno 25 aug. 739.
844 1130 2455 1243 Von dem Iohann Herzog Freywillig
834 1237 2495 1351 übergebenen unmurcken Handls
835 1364 3150 1493 die ganze gebühr mit 5 " - " -
1128 1510 2102 1675 An öhler Handl
866 1689 1873 1845 Nichts Empfangen
1125 1834 2171 1992 An Pfaidler Handl
852 2051 2474 2207 Den 22.ten Merz 741 erlegte
824 2211 2361 2317 Maria Weingarths millerin
813 2322 2421 2440 Burg pfaidlerin wegen zufolge
812 2443 2422 2563 Bratschlagten Raitt Camer Bricht
824 2572 2403 2673 auf ihren Handl Vorgemerckten
803 2674 2363 2808 690 f die gebühr Von gulden 1 d
829 2788 3147 2915 mit 2 " 52 " 2 "
776 3050 2410 3225 Den 5.ten Maii erlegte Placi
805 3227 2400 3348 dus Hauckh wegen des erheura
789 3346 2474 3474 then Peter Weingarthsmiller.
779 3472 2418 3627 pfaidler handls die halbe tax
805 3634 3107 3773 mit 7 " 30 " -
2475 3807 3136 4030 15 f 22 " 2 d
5541 682 6151 770 f kr d.
3784 677 5378 845 Den 19.ten Iulii erlegte Andreas
3809 853 5328 972 Regele Burger. pfaidler wegen
3804 972 5450 1092 auf seinen Handl zufolge Beratsch
3797 1102 5396 1204 Raitthandler Bericht Vorgemerckten
3771 1215 6167 1352 200 f die tax Von gulden 1 d. per - " 50 " - "
3900 1346 5280 1509 An Cranzlbinder Handl
3809 1555 4788 1703 Nichts empfangen
3906 1664 5287 1844 An Vießier schneider Handl
3830 1877 5324 2030 Den 7.ten Sept. anno 741. er
3789 2011 5416 2147 legte Iohann Michael Leffenegg Bur
3767 2149 5305 2284 Schneidermaister wegen des
3758 2270 5335 2411 per Execuonem an ihm gebracht
3763 2406 5317 2539 Ferdinand Iacob Fahinger. Vi
3736 2518 5370 2686 sierschneider Handels die gebühr
3767 2669 5292 2819 über die ihme Lauth Beratschlagten
3769 2797 5290 2935 anbringen nachgesehene helffte
3772 2950 6150 3092 per 9 f annoch mit  9 " - " -
3727 3196 5366 3396 Desgleichen erlegte Iacob Veith
3746 3368 5310 3528 wegen Von erstbemelten Leffe
3731 3509 5399 3664 negg Kauff übernohmenen Fähinge.
3670 3658 6135 3834 Handls die ganze tax mit 18 " - " -
5341 3834 6117 3987 27 f 50 kr
