6224 4762
2496 700 3116 793 f kr d.
837 731 2409 967 Den 13.ten Iulii erlegt Ferdinand
792 966 2385 1105 Senger Burger. Tandter wegen
807 1086 2399 1196 auf seinen handl zufolge Be
800 1193 2432 1312 ratschlagten Raitthandler Bericht
812 1321 2387 1445 Vorgemerckten 800 f. die tax Von
832 1464 3079 1576 Gulden 1 d mit 3 " 20 " -
991 1555 2318 1733 An Fischkäuffler handl
843 1760 2494 1920 Den 22.ten Novb. erlegt Ioseph
823 1936 2438 2042 Sehestag wegen auf seinen Fisch
810 2038 2470 2161 kauffler handl zufolge Beratschlag
816 2150 2457 2276 Ober Camer Ambts Bericht Anno 2.
825 2280 2465 2402 7b. 740 Verwilligten Vormerkung
820 2382 2395 2540 per 200 f die gebühr Von gulden
852 2483 3106 2641 1 kr mit 3 " 20 " -
1033 2641 2031 2796 An Arbes Handl
859 2844 1981 3005 Nichts empfangen
948 2995 2394 3169 An Bradlbrader Handl
832 3228 2419 3393 Den 24.ten Maii 741 erlegte
825 3383 2355 3505 Caspar Waagner und seine
814 3524 2401 3648 Ehewürthin anna Catharina wegen
864 3651 2479 3790 des Von dem Conrad Frueth per 400 f
835 3783 2413 3925 erkaufften Bradl brader handls
2462 3909 3126 4132 6 f 40 kr
5511 654 6083 750 f kr d
3764 721 5294 874 in der Rossau die gebühr Von
3757 891 6097 993 gulden 6 kr mit 40 " - " -
3753 1035 5313 1187 Den 3.ten Iulii erlegte Matthias
3744 1190 5302 1321 Herl und seine Ehewürthin Catha
3772 1306 5314 1428 rina wegen des Von dem Mar
3752 1415 5298 1573 tin Schmidt per 300 f Käuff über
3763 1543 5289 1686 nohmenen Bradlbrader gwerbs
3766 1656 6069 1808 die gebühr Von gulden 6 kr mit 30 " - " -
3925 1820 5279 2023 An Fleischselcher Handl
3752 2079 5301 2233 Den 6.ten Febr. anno 741 erlegt
3745 2211 5337 2369 Iohann georg Schlieffer Burg. Fleisch
3733 2343 5300 2488 selcher wegen auf seinen handl
3760 2467 5325 2612 Lauth beratschlagten Raitthandler
3774 2584 5305 2756 Berichts Bewilligter Vermerkung
3753 2713 5264 2875 per 200 f die gebühr Von gulden
3729 2884 6082 3003 1 d mit - " 50 " -
3742 3079 5313 3243 Den 17.ten octo. erlegt antonio
3744 3220 5235 3375 Ferner und dessen Ehewürthin
3753 3336 5273 3491 Catharina wegen des erkaufft
3734 3463 5248 3604 Iohann Georg ulrich Praunischen
3735 3589 5957 3764 Schwarzselcher handls die tax mit 40 " - " -
5280 3791 6020 3953 110 f 50 kr
