6246 4775
2608 555 3117 700 f kr d
851 752 3136 972 Den Ersten Sep. pro aug. 1387 " 5 " -
807 1049 3082 1224 Den Lezten dito pro Sept. 1428 " 30 " -
774 1274 3125 1448 Den ersten Novb. pro octo 1593 " 44 " -
794 1496 3102 1659 Den 2.ten Xb. pro nov. 1275 " 5 " -
801 1696 2382 1864 Den 2.ten Ianu. 742 pro Xb.
815 1851 3157 1984 anno 741 2493 " 11 " - "
2324 2038 3128 2230 8177 f 3 kr
801 2325 2358 2696 Suma über Vorstehenten
1236 2711 1947 2849 Empfang
1076 2992 2474 3187 18657 f 33 kr - d.
3971 213 5175 679 Empfang
3743 707 5286 876 An Täz oder doppelte Zapffen
4211 865 4666 989 Maaß
5483 565 6066 664 f kr d.
3801 975 5308 1168 Ebenfalls Bringe ich per Empfang
3816 1156 5274 1278 die die 741te Iahr eingangen
3791 1270 5260 1392 und mir Von Bemelten Herrn
3731 1380 5291 1530 Iohann Adam Küerner des Aus
3718 1511 5247 1658 seren Raths und Zapffenmass
3719 1631 5284 1775 Einnehmern Monath zum Ober
3716 1748 5309 1904 Camer Ambt eingeliferte geföhl
3754 1922 4129 2038 Nemb.
3779 2002 5307 2217 Den Ersten Febr. 741 pro Ia
3794 2147 6099 2333 nuarii 543 " 52 " - "
3742 2326 6135 2531 Den ersten Merz pro Febr. 2859 " 22 " - "
3739 2555 6099 2778 Den ersten April pro Martio 2860 " 54 " - "
3729 2834 6094 3022 Den ersten Maii pro aprili 3073 " 40 " - "
3718 3058 6092 3270 Den ersten Iunii pro Maio 3285 " 13 " - "
3743 3302 6128 3524 Den ersten Iulii pro Iunio 3318 " 24 " - "
3720 3552 6086 3786 Den ersten Aug. pro Iulio 2770 " 41 " - "
5199 3791 6068 3972 18712 f 6 kr
