5111 4134
761 602 2058 726 Barnabiten bey St. Michael alhie
760 731 2116 825 das von ihren anligenden 750 f Capital
759 833 2072 939 den 30. Aug. verfallene Iahrs Inte
739 944 2100 1052 resse mit Siben vnd dreyßig gul
738 1021 2486 1177 den 4 s d lauth Quitt. hiebey Idest 37 f 4 s d
703 1253 2109 1404 Ingleichen Zahlte ich denen Ludwigischen
736 1405 2080 1513 beeden herrn Gebrüedern das von ihren
744 1526 2084 1626 anligenden 5 f. Capital den 13 Aug.
734 1633 2090 1748 verfallene Iahrs Interesse mit Zway
717 1751 2141 1875 hundert vnd Funffzig gulden rh.
728 1874 2368 2040 gegen ihrer Quitt. hiebey Idest 250 f.
702 2153 2095 2302 Gleicher gestalten zahlte ich dem Wohl
725 2295 2111 2401 Ehrwider Iungfrauen Closter St. Lorenzen
743 2406 2062 2501 alhie das von ihren anligenden 1000 f.
731 2503 2091 2608 Capital den lezten Aug. verfallene
727 2609 2071 2723 Iahrs Interesse mit Funffzig gul
730 2706 2449 2852 den rh. auf Ihr Quitt. hiebey Idest 50 f.
686 2893 2049 3057 Dan Zahlte ich h. Caspar Päzinger
726 3054 2021 3160 des aussern Raths vnd Ober Raitt
708 3158 2057 3291 handlern das von denen anligend
832 3455 1865 3693 Latus 337 f 4 s d
3052 525 4370 654 dem Claaischen Söhnl Iohann Lamper
3037 638 4292 745 to Zue gehörigen 3 f. Capital den
3044 728 4333 843 lezten Aug. verfallene Iahr Inte
3026 820 4337 941 resse mit ainhundert vnd Funff
3024 940 4314 1060 zig gulden rh. Krafft Quittung
3033 1038 4744 1182 hiebey Idest 150 f.
3004 1310 4323 1469 Den 9. Septemb. Zahlte ich der Löbl.
3044 1451 4313 1567 Erzbruederschafft des H. Ritter vnd
3047 1550 4306 1671 Martyrers S. Sebastiani bey vnser
3051 1659 4323 1783 lieben frauen Schotten alhie das von
3059 1764 4354 1892 der bruederschafft anligenden 600 f.
3044 1858 4375 1998 Capital den 1. dis verfallene Iahrs
3035 1982 4403 2111 Interesse mit dreyßig gulden rh.
3009 2115 4703 2251 Inhalt Quitt. hiebey Idest 30 f.
3041 2382 4321 2518 Den 10 dito Zahlte ich herrn Adamen
3039 2493 4304 2614 Schreyer des aussern Raths vnd
3033 2589 4345 2710 Gmr. Statt Wienn Secret etc in Kaf u n
3020 2693 4318 2818 vnd an statt seiner Ehrfrauen Anna
3023 2787 4339 2921 Barbara Catharina gebohrnen Lehnerin
3034 2890 4310 3024 das von ihren anligenden 6 f. Capital
3021 3010 4338 3127 den 21. Iunii verfallene halb Iährige
3000 3114 4291 3244 Interesse mit ainhundert vnd
3199 3360 4048 3526 Latus 180 f.
