5138 4143
757 605 2065 739 das von denen anligenden 250 f capi
748 737 2058 834 tal iezt Michaeli verfallene Iahrs
738 838 2058 947 Interesse mit zwölff gulden 4 s d.
761 895 2483 1069 lauth Quitt. hiebey Idest 12 f 4 s d.
730 1159 2075 1321 Den 30. September Zahlte ich der löb.
770 1302 2077 1415 Vniuersitet alhie Ihre ietzt Michaeli
792 1394 2103 1511 verfallene halb Iährige drey hun
753 1504 2091 1629 dert gulden rh. vermög Quitt.
774 1623 2370 1768 hiebey Idest 300 f.
733 1876 2101 2012 Ingleichen Zahlte ich h. Iacoben Rigos
764 2013 2034 2110 I. V. D. das von seinen anligenden
774 2102 2105 2217 3500 f Capital den 28 dis verfallene
773 2216 2088 2333 halb Iahrige Interesse mit Siben
776 2334 2140 2453 vnd achtzig gulden 4 s d Krafft
770 2392 2487 2575 Quitt. hiebey Idest 87 f 4 s d
768 2674 2070 2842 Ebenmessig Zahlte ich h. Ioh. Bapt.
767 2836 2096 2951 Fiegenschuech Beneficiaten S. Maria
771 2959 2092 3070 Magdalena Stifft das von denen an
770 3075 2102 3212 ligend vnd Zu ermeltem Beneficio
930 3515 1779 3680 Latus 400 f.
3033 512 4342 639 gehörigen 1000 f Capital ietzt
3045 645 4390 749 Michaelii verfallene Iahrs Inte
3029 754 4347 879 resse mit Funffzig gulden rh.
3037 877 4730 1058 ut Quitt. hiebey Idest 50 f
3008 1184 4359 1309 In simili das von denen anligenden
3034 1314 4397 1424 200 f Capital iezt Michaelii verfal
3016 1426 4424 1548 lene Iahrs Interesse mit zehen gul
3048 1539 4731 1696 den rh. gegen Quitt. hiebey Idest 10 f.
2977 1828 4358 2000 Eodem die Zahlte dickhbesagten h.
3049 1990 4346 2096 Chormaistern das von der Chur auf
3047 2101 4353 2198 dem Wattenbachisch. Gmr. Statt aber
3029 2203 4383 2304 Zugehörigen hauß Zum finstern Stern
3033 2309 4415 2409 genant anligenden 100 f Capital ietzt
3042 2410 4358 2517 Michaelis verfallene Iahrs Interesse
3038 2524 4398 2639 mit fünff gulden auf sein herrn
3031 2637 4758 2782 Quitt. hiebey Idest 5 f.
2978 2862 4411 3004 Ingleichen Zahlte ich offtermelten herrn
3013 3008 4386 3130 Ioh. Molitor Leuiten das von denen
3211 3314 4077 3560 Latus 65 f.
