5089 4125
731 572 2113 713 funffzig gulden rh. lauth Quitt.
742 707 2389 846 hiebey Idest 150 f.
665 922 2111 1095 In simili auf obige bey gelegte Quitt.
743 1079 2076 1189 das von ihren anligenden 1 f. Capital
752 1191 2058 1290 den 20. Iulii verfallene Iahrs
728 1296 2123 1430 Interesse mit Funffzig gulden rh.
784 1433 2427 1574 Idest 50 f.
713 1607 2070 1782 Deßgleichen Zahlte ich denen herrn P.
747 1782 2065 1882 Minoriten Zum H. Creüz alhie das von
750 1890 2076 1983 ihren anligenden Lehnerischen 1200 f.
753 1986 2028 2091 Capital anheunt verfallene Iahrs
742 2100 2063 2205 Interesse benent. Sechzig gulden
735 2199 2423 2333 rh. vermög Quitt. hiebey Idest 60 f.
718 2436 2073 2561 Ebenmessig Zahlte ich vorgemelten h.
740 2552 2076 2658 Ober Raitthandlern das von denen an
709 2655 2082 2775 ligenden Christoph Freymanischen 5 f.
751 2771 2084 2878 Capital den 4 dis verfallene halb
736 2877 2087 2998 Iährige Interesse mit ainhundert
727 2981 2086 3128 Fünff vnd Zwainzig gulden rh.
744 3104 2389 3277 Krafft Quitt. hiebey Idest 125 f.
787 3450 1742 3657 Latus 385 f.
3025 495 4356 643 Ebenmessig Zahlte ich h. Ferdinand
3050 624 4338 730 von Raidegg der P. K. M. dienner des
3041 730 4254 838 Aussern Raths vnd Kirchenmaistern
3034 832 4254 949 bey St. Stephan das von der Kirchen
3042 936 4314 1053 anligenden 6 f. Capital den 18.ten
3024 1040 4320 1165 Aug. verfallene Iahrs Interesse be
3011 1151 4322 1274 nent. dreyhundert gulden rh.
3027 1286 4709 1410 7 auf sein Quitt. hiebey Idest 300 f.
2965 1558 4319 1710 Gleichergestalten Zahlte ich fr. Maria
3027 1686 4292 1804 Elisabeth Klozin hieuor Pallmanin
3030 1773 4297 1897 das von ihren anligenden 4. Capital
3027 1872 4278 2005 den 6 dis verfallene halb Iährige
3012 1973 4338 2104 Interesse mit ainhundert gulden
2996 2085 4681 2232 rh. auf Ihr Quitt. hiebey Idest 100 f.
3003 2349 4282 2506 Den 14. Sept. Zahlte ich h. Arnold
3033 2478 4306 2602 brenner Chormaistern alhie das von
3023 2581 4276 2705 denen anligenden Agnes Gilgischen
3014 2696 4307 2818 200 f Capital den 7 dis verfallene
2997 2803 4348 2935 Iahrs Interesse mit Zehen gulden
3006 2938 4658 3075 rh. ut Quitt. hiebey Idest 10 f.
3201 3369 4148 3579 Latus 410 f.
