5333 4129
930 574 2321 711 halb Iährige Interesse mit Fünff vnd
913 706 2332 837 Sibenzig gulden rh. lauth Quittung
939 824 2579 952 hiebey Idest 75 f.
943 1033 2307 1174 Ebenmessig Zahlte ich h. Andreen Ru
952 1164 2278 1282 dolph Pfarrern zu St. Veith an der
934 1278 2319 1389 Wienn das von der Pfarr daselbsten
969 1389 2271 1506 anligenden 400 f Capital anheunt
954 1511 2283 1623 verfallene halb Iährige Interesse
958 1608 2357 1746 mit zehen gulden rh. vermög Quitt.
968 1737 2608 1878 hiebey Idest 10 f.
964 1959 2331 2105 Dan Zahlte ich h. Nicolai Hockhe beeder
985 2097 2383 2224 Rechten Dr. vnd Pritii des Raymundi Stifft
979 2217 2348 2333 Verordneten Superintendenten das von
983 2339 2377 2448 denen anligend vnd Zu ermeltem Stifft
980 2455 2331 2572 gehörigen 500 f Capital ietzt Michaeli
990 2581 2302 2686 verfallene halb Iährige Interesse
989 2696 2348 2832 mit zwölff gulden 4 s d. Crafft Quitt.
989 2730 2690 2961 hiebey Idest 12 f 4 s d
959 3093 2344 3271 Den 7. Octobris Zahlte ich Ihrer G. herrn
1360 3478 2190 3671 Latus 97 f 4 s d.
3232 538 4549 665 Grundeman etc in abschlag der auf dis
3219 661 4565 753 Iahr verfallenen Chaosischen Interesse
3214 767 4580 880 benent. dreyhundert gulden rh.
3225 871 4920 1040 Inhalt Quittung hiebey Idest 300 f.
3175 1094 4587 1265 In simili auch lauth Quittung hiebey be
3222 1267 4530 1419 nent. zwayhundert gulden rh.
4441 1323 4899 1461 Idest 200 f.
3215 1504 4587 1645 Den 8 dito Zahlte ich Ihrer Hochwrd. herrn
3224 1640 4542 1737 Peter Vauthier Thumbprobsten alhie das
3221 1745 4567 1835 von denen anligenden 3. Zwierschlagischen
3213 1840 4522 1935 Capital iezt Michaelii verfallene halb
3199 1939 4588 2047 Iährige Interesse mit fünff vnd Siben
3196 2039 4417 2177 zig gulden rh. Crafft Quitt. hiebey
4337 2109 4980 2239 Idest 75 f.
3176 2265 4500 2389 Ingleichen das von denen anligenden
3201 2394 4547 2498 Zwergerischen 500 f Capital ietzt Michaeli
3219 2508 4537 2612 verfallene halb Iährige Interesse mit
3208 2617 4545 2754 zwölff gulden 4 s d. Inhalt Quitt.
3218 2756 5083 2922 hiebey Idest 12 f 4 s d
3153 2969 4561 3123 Insimili das von denen anligenden Zwer
3171 3125 4496 3260 gerischen 300 f Capital iezt Michaeli
3384 3416 4375 3635 Latus 587 s 4 s d.
