5121 4133
774 599 2070 736 anligenden Iacob berchtoldischen
763 739 2106 856 1800 f Capital ietzt Michaelii verfal
746 849 2141 976 lene halb Iährige Interesse mit fünff
767 974 2123 1096 vnd vierzig gulden rein. Inhalt
771 1081 2429 1235 Quitt. hiebey Idest 45 f
740 1374 2128 1516 Dan lagen der Sonn. vnd feyrtäglichen
776 1520 2152 1635 H. Messen ad Saluatorem ietzt Michaeli
774 1641 2120 1746 verfallene halb Iährige deputat
787 1747 2090 1869 mit dreyßig gulden rh. lauth
782 1828 2417 1987 Quitt. hiebey Idest 30 f.
642 2103 2098 2281 Mehr Zahlte ich denen barmherzigen
788 2278 2171 2388 brüedern enthalb der Schlagpruggen
796 2396 2138 2496 das von ihren anligenden 500 f Capital
807 2500 2147 2617 anheunt verfallene Iahrs Interesse
819 2614 2178 2744 mit fünff vnnd zwainzig gulden
797 2732 2447 2874 rh. gegen Quitt. hiebey Idest 25 f.
711 2982 2198 3135 Nicht weniger Zahlte ich dem alhiesigen
796 3127 2149 3266 Kay. Profeshaus die denselben auf
819 3402 1760 3660 Latus 100 f
3022 497 4376 639 diß Monath dahin gebührende funffzig
3020 634 4342 749 gulden Allmussen deputat Kraff
3011 760 4750 926 Quittung hiebey Idest 50 f.
2992 1078 4315 1242 Den 1. Octobris Zahlte ich dem hochlöb.
3012 1233 4338 1331 Thumb Capitl Agram das von ihren an
2991 1341 4392 1442 ligenden 4000 f Capital ietzt verwichene
3018 1449 4296 1556 St. Michaeli verfallene halb Iährige
2999 1551 4423 1673 Interesse benent. ainhundert gulden
3012 1675 4687 1831 rh. lauth Quittung hiebey Idest 100 f.
2960 1881 4364 2044 Ingleichen Zahlte ich denen Andree Pihle
3007 2044 4332 2145 rischen Gerhaben alß herrn Andreen
3036 2139 4350 2260 Wunderlich vnd herrn Michael daller das
3028 2264 4358 2371 von denen anligenden Pihlerischen 1500 f.
3010 2374 4389 2485 Capital den 17 Septemb. verfallene halb
3007 2489 4316 2602 Iährige Interesse benent. Siben vnd
3009 2601 4424 2735 dreyßig gulden 4 s d. ut Quittung hie
3016 2734 4883 2888 bey Idest 37 f 4 s d
2972 2949 4364 3075 In simili das von denen anligenden 3000 f.
3010 3079 4363 3211 Capital den 6. Septembris verfallene
3163 3384 4233 3599 Latus 187 f 4 s d
