5220 4130
840 595 2200 720 verfallene halb Iährige Interesse mit
831 728 2226 847 Siben gulden 4 s d ut Quittung hie
848 827 2575 981 bey Idest 7 s 4 s d.
834 1056 2195 1193 Dan das von denen anligenden Hannß
862 1198 2208 1317 Hagmanischen 500 f. Capital iezt Michaeli
865 1319 2174 1419 verfallene halb Iährige Interesse mit
831 1425 2164 1556 zwölff gulden 4 s d. lauth Quitt.
859 1506 2569 1678 hiebey Idest 12 f 4 s d
813 1862 2257 1996 Eodem die Zahlte ich herrn Ioh. Geörg Lenger
854 1994 2226 2105 Thumbherrn vnd Kay. Burckh Pfarrern
861 2092 2247 2209 die wegen des Überlasenen Grundtbuechs
868 2214 2185 2327 iezt Michaelii verfallene halb Iährige
864 2327 2187 2457 ainhundert vnd funffzig gulden
869 2455 2079 2595 rh. vermög Quitt. hiebey
2021 2518 2476 2653 Idest 150 f.
790 2704 2212 2838 Ingleichen Ihme herrn Lenger das von
859 2834 2242 2952 denen anligend vnd Zu dem Vlrich Wirff
833 2959 2201 3069 lischen Stifft gehörigen 542 f Capital
863 3073 2200 3195 ietzt Michaelii verfallene halb Iährige
846 3199 2254 3354 Interesse mit dreyzehen gulden 4 s 12 d.
1206 3492 1913 3707 Latus 170 f.
3143 536 4994 733 auf sein Quittung hiebey Idest 13 f 4 s 12 d
3067 810 4452 977 In simili auch das vonn denen anligend
3116 980 4438 1087 vnd Zu ermeltem Stifft gehörigen 200 f.
3115 1098 4449 1192 Capital den 21. Septembris verfallene
3100 1196 4424 1323 halb Iährige Interesse mit Fünff gul
3087 1318 4822 1473 den rh. gegen Quitt. hiebey Idest 5 f.
3085 1557 4421 1689 Ebenmessig Zahlte ich Ihrer hochwrd.
3114 1675 4446 1794 herrn Herman Claudi Klöckher Thumbh.
3120 1792 4443 1903 vnd Beneficiaten des Niclas Pfanzag
3113 1910 4424 2010 lischen Stiffts das von denen anligend
3134 2011 4459 2128 vnd Zu ermeltem Stifft gehörigen 250 f.
3116 2124 4459 2243 Capital iezt Michaelii verfallene Iahrs
3104 2245 4477 2369 Interesse mit zwölff gulden 4 s d.
3105 2368 4934 2525 Inhalt Quittung hiebey Idest 12 f 4 s d
3097 2573 4477 2753 Dan Zahlte ich dem Anndreen Schwarzen
3114 2746 4449 2854 das von seines Söhnls Geörgen Schwar
3084 2857 4456 2963 zens anligenden 300 f Capital den 26.
3101 2961 4421 3077 Sept. verfallene halb Iährige Interesse
3102 3084 4469 3205 mit Siben gulden 4 s d. auf sein Quitt.
3130 3199 4964 3414 hiebey Idest 7 f 4 s d.
3217 3493 4369 3694 Latus 38 f 4 s 12 d.
