5101 4121
698 499 2021 709 Ingleichen Zahlte ich vorbesagten
749 714 1970 810 herrn Pockhen Mahlern das von
743 809 2058 903 seinen anligenden 3500 f Capital
762 916 2024 1024 anheunt verfallene halb Iährige
735 1014 2094 1134 Interesse benent. Siben vnd acht
727 1137 2056 1263 zig gulden 4 s d. lauth Quittung
753 1197 2477 1374 hiebey Idest 87 f 4 s d
735 1492 2061 1641 Den 24 Septemb. Zahlte ich herrn
760 1646 2036 1741 Matthias Grättinger des aussern
745 1740 2147 1853 Raths vnd der hochlöb. Gotts leyhnambs
759 1862 2054 1972 bruederschafft bey St. Stephan alhie
751 1976 2086 2076 Verwalttern das von der brueder
761 2093 2023 2196 schafft anligenden 467 f Capital
751 2195 2000 2307 den 10 dis verfallene Iährliche
753 2307 2056 2412 Interesse mit drey vnd zwainzig
756 2416 1989 2528 gulden 3 s d gegen Quittung
756 2444 2490 2645 hiebey Idest 23 f 3 s d
704 2738 2015 2899 Dito Zahlte ich offtgemelten herrn
743 2899 2062 3003 Chormaistern die wegen der Fruhe
733 3006 2067 3111 mess oder Matur iezt Quatember
743 3117 2072 3255 Michaeli verfallene Siben gulden
822 3418 1881 3759 Latus 110 f 7 s d.
2992 534 4864 708 2 s d lauth Quitt. hiebey Idest 7 f 2 s d
3025 800 4336 951 Bemelten 24 dito Zahlte ich herrn
3059 947 4338 1049 Iohann Molitor Leuiten wegen des
3069 1040 4368 1160 Beneficii h. Trinitatis ietzt Quatember
3081 1155 4289 1267 Michaelis verfallene zwainzig
3057 1268 4361 1392 gulden rh. vermög Quitt. hiebey
3082 1394 4724 1521 Idest 20 f.
3014 1617 4352 1787 In simili Zahlte Ich Ihme h. Molitor weg
3066 1760 4301 1882 der Altäglichen H. Mess ad Saluato
3062 1868 4280 1988 rem ietzt Michaelis denen Leuiten
3073 1951 4373 2092 verfallene zway vnd Sechzig gul
3044 2053 4828 2215 den 4 s d ut Quitt. hiebey Idest 62 f 4 s d
2995 2329 4328 2502 Eodem die Zahlte ich dem Geörg Caspar
3054 2475 4301 2598 Wusstin vnd Hannß Christophen Mauer
3053 2573 4316 2703 peckh beeden Goldtschmiden alß der
3041 2675 4328 2817 Elisabeth Glamerischen Künder verord
3038 2792 4298 2928 neten Gerhaben das von der Künder
3050 2900 4294 3038 anligenden 750 f Capital den 18 dis
3053 3012 4318 3156 verfallene Iahrs Interesse benent.
3245 3313 4173 3528 Latus 89 f 6 s d.
