5094 4124
762 525 2021 709 Dito Zahlte ich vor gedachten herrn
746 723 2059 811 Roßman das von der Kirchen anlig
739 828 2013 916 enden 200 f Capital anheunt ver
728 933 2058 1032 fallene Iahrs Interesse mit Zehen
720 1037 2091 1154 gulden rh. vermög Quittung hie
714 1136 2424 1273 bey Idest 10 f.
724 1361 2092 1507 Den 16. Sept. Zahlte vorgemelten h.
742 1511 2099 1610 Chormaistern das von denen anligenden
748 1617 2087 1720 Häberelichen 500 f Capital den 15 dis
747 1723 2060 1826 verfallene halb Iährige Interesse
757 1831 2089 1944 benent. Zwölff gulden 4 s d. lauth
751 1914 2482 2082 Quitt. hiebey Idest 12 f 4 s d
711 2164 2095 2297 Den 17 dito Zahlte ich mehr gemelten
726 2297 2057 2398 h. Roßman das von der Kirchen an
709 2404 2057 2501 ligenden 500 f Capital den 17 Iulii
750 2506 2004 2616 verfallene Iahrs Interesse mit
739 2623 2023 2745 Fünff vnd zwainzig gulden rh.
732 2750 2443 2892 auf sein herrn Quitt. hiebey Idest 25 f.
703 3010 2058 3162 Ebenmessig Zahlte ich herrn Hannß
782 3435 1948 3673 Latus 47 f 4 s d.
3038 487 4323 640 Christophen Glatzen alß der Hannß
3032 631 4337 739 Geörg Schmuzerischen Künder verord
3032 725 4311 829 neten Gerhaben das von der Künder
3056 817 4294 935 anligenden 230 f Capital den 14
3046 923 4378 1039 dis verfallene halb Iährige Interesse
3049 1028 4361 1149 benent. Fünff gulden 6 s d. Krafft
3044 1096 4753 1271 Quitt. hiebey Idest 5 f 6 s d
3022 1350 4270 1509 Dan Zahlte ich dem Franz Gabriel
3051 1477 4283 1598 Wibmer Leinwathhandlern alhie
3046 1574 4300 1697 das von seinen anligend gewesten 3
3043 1680 4257 1796 anietzo aber nur noch anligenden
3044 1778 4266 1902 1000 f Capital biß lezten Augusti
3058 1883 4327 2009 ruckhstendig verbliebene Interesse
3057 1983 4283 2109 mit acht vnd funffzig gulden
3033 2096 4315 2226 2 s 20 d. auf sein Quittung hie
3012 2224 4868 2358 bey Idest 58 f 2 s 20 d
3009 2463 4280 2614 Den 19 dito Zahlte ich vorbemelten
3020 2592 4217 2710 herrn von Raidegg das von der
3021 2705 4274 2824 Kirchen bey St. Stephan anligenden
3023 2801 4339 2941 300 f Capital den 18 Aug. verfal
3010 2924 4290 3054 lene Iahrs Interesse mit fünff
3016 3029 4353 3168 zehen gulden rh. Inhalt Quitt. hiebey
3031 3137 4746 3281 Idest 15 f.
3127 3476 4249 3683 Latus 79 f - " 20 d
