5163 4163
802 634 2190 770 herrn Lorenz Grüner der H. Schrifft
810 772 2100 872 Dr. Thumbherrn vnd Beneficiaten
785 875 2151 980 Weyl. Iacoben Starchen vnd den darzue
782 981 2137 1088 incorporierte Michael Haunoldtischen
783 1095 2102 1198 Stiffts das von denen den 1 Maii 663
798 1201 2089 1305 bey Gemr. Statt angelegten vnd Zur
795 1305 2101 1413 Haunoldtischen Stifftung gehörigen
794 1424 2087 1533 137 f 4 s d Capital von bemelten
803 1526 2130 1646 1 Maii 663. biß dito 1678. aufs
797 1657 2143 1770 15 Iahr Zu 5. pro cento verfallene
794 1790 2118 1903 Interesse mit ainhundert zway
794 1913 2099 2016 gulden 6 s d. Inhalt anbringen
813 2014 2135 2128 berathschlagten Ober Cammer Ambts
824 2136 2107 2251 bericht nid. Lehenbrieff Quittung
816 2255 2145 2361 sambt annectierter Schadloßhaltung
807 2377 2101 2479 weiln die völligen Interesse ge
776 2488 2126 2594 dachten herrn Grüner Zue mahlen
792 2610 2079 2716 Er das Beneficium nicht so lang
795 2725 2121 2830 gehabt nicht gebührt hetten Er aber
804 2839 2080 2954 das Übrige Interesse allein Zur
807 2956 2134 3066 Stifftung antzuwenden versprochen
823 3074 2156 3182 vnd destwegen Gmr. Statt allweeg
779 3169 2540 3356 schadtloß Zuhalten sich ver obligiert Idest 102 f 6 s d
769 3517 1690 3708 Latus per Se.
3064 541 4366 684 Ebenmessig Zahlte Ich hl. Emerich
3092 672 4376 773 Roßman des Kay. Statt ghrts bey
3073 773 4403 884 sitzern vnd Kirchenmaistern bey vnser
3092 879 4370 988 lieben frauen an der Gstetten das von
3101 986 4403 1103 der Kirchen anligenden 200 f Capital
3087 1092 4387 1220 den 30. Aug. verfallene Iahrs Inte
3099 1203 4418 1332 resse mit Zehen gulden rh. vermög
3100 1345 4847 1471 Quitt. hiebey Idest 10 f.
3050 1556 4336 1703 Dan Zahlte ich hl. Tobiasen Pockhen
3090 1708 4325 1808 Mahlern das von seinen anligenden
3083 1796 4355 1915 1200 f Capital anheunt verfallene
3092 1894 4416 2023 halb Iährige Interesse mit dreyßig
3075 1999 4776 2151 gulden rh. lauth Quitt. hiebey Idest 30 f.
3027 2255 4372 2416 Den 3. Septemb. Zahlte ich denen P.
3056 2400 4337 2525 Franciscanern alhie das von ihren
3080 2498 4350 2626 anligenden Kertenkalchischen 1000 f.
3074 2591 4395 2730 Capital den 1. dis verfallene Iahrs
3073 2711 4381 2845 Interesse mit Funffzig gulden rh.
3067 2831 4761 2972 auf Ihr Quitt. hiebey Idest 50 f.
3037 3035 4322 3217 Ebenmessig Zahlte ich denen herrn
3292 3353 4175 3616 Latus 90 f.
