<?xml version="1.0" encoding="UTF-8" standalone="yes"?>
<PcGts xmlns="http://schema.primaresearch.org/PAGE/gts/pagecontent/2013-07-15">
    <Metadata>
        <Creator>prov=READ-COOP:name=PyLaia@TranskribusPlatform:version=2.27.0:model_id=353485:lm=provided:date=17_06_2025_12:56</Creator>
        <Created>2025-06-11T09:24:29.631+02:00</Created>
        <LastChange>2025-08-29T10:50:14.881+02:00</LastChange>
        <TranskribusMetadata docId="8976579" pageId="98897732" pageNr="179" status="GT" userId="261754" imgUrl="https://files.transkribus.eu/Get?id=PTYWMETFYPKSEKCPTUDZXVYW&amp;fileType=view" imageId="82986800"/>
    </Metadata>
    <Page imageFilename="98897732.tif" imageWidth="5082" imageHeight="4125">
        <TextRegion id="region_150824125" custom="readingOrder {index:0;}">
            <Coords points="0,0 2541,0 2541,4125 0,4125"/>
            <TextLine id="tl_1750154155" custom="readingOrder {index:0;}">
                <Coords points="734,716 746,735 788,759 838,764 1189,770 1382,780 2101,778 2133,769 2144,759 2147,738 2146,694 2141,686 2070,673 1971,669 1770,651 1136,655 802,635 742,653 736,659"/>
                <Baseline points="734,743 2147,743"/>
                <TextEquiv>
                    <Unicode>Siben vnd dreyßig gulden 4 s d.</Unicode>
                </TextEquiv>
            </TextLine>
            <TextLine id="tl_1750154149" custom="readingOrder {index:1;}">
                <Coords points="2452,804 2448,785 2430,776 2348,770 2237,778 1997,812 1688,805 1315,784 828,778 780,783 754,791 750,810 751,857 759,880 779,894 833,909 1670,905 1868,910 2033,930 2164,932 2256,927 2389,900 2403,887 2437,875 2449,863"/>
                <Baseline points="750,890 2452,890"/>
                <TextEquiv>
                    <Unicode>Crafft Quitt. hiebey Idest 37 f 4 s d</Unicode>
                </TextEquiv>
            </TextLine>
            <TextLine id="tl_1750154163" custom="readingOrder {index:2;}">
                <Coords points="721,1032 724,1125 741,1132 800,1140 1951,1140 2089,1128 2107,1122 2112,1112 2109,1026 2089,1019 2044,1014 1728,1013 1621,1020 1489,1038 1366,1040 1021,1029 875,1011 821,1009 739,1017 728,1021"/>
                <Baseline points="721,1105 2112,1105"/>
                <TextEquiv>
                    <Unicode>Verrer Zahlte ich dem Iohann Gotthardt</Unicode>
                </TextEquiv>
            </TextLine>
            <TextLine id="tl_1750154187" custom="readingOrder {index:3;}">
                <Coords points="759,1144 2079,1144 2079,1248 759,1248"/>
                <Baseline points="759,1222 2079,1222"/>
                <TextEquiv>
                    <Unicode>Nagl vnd Christophen Hochhausern als</Unicode>
                </TextEquiv>
            </TextLine>
            <TextLine id="tl_1750154185" custom="readingOrder {index:4;}">
                <Coords points="2038,1260 2035,1254 2019,1250 1659,1258 1465,1256 1228,1268 1101,1264 828,1267 771,1283 768,1330 771,1339 785,1343 935,1350 1254,1347 1541,1351 2028,1350 2038,1343"/>
                <Baseline points="768,1325 2038,1325"/>
                <TextEquiv>
                    <Unicode>der Geörg vnd Regina Praunischen</Unicode>
                </TextEquiv>
            </TextLine>
            <TextLine id="tl_1750154175" custom="readingOrder {index:5;}">
                <Coords points="753,1363 2051,1363 2051,1462 753,1462"/>
                <Baseline points="753,1435 2051,1435"/>
                <TextEquiv>
                    <Unicode>Töchterls Eua Rosina verordneten</Unicode>
                </TextEquiv>
            </TextLine>
            <TextLine id="tl_1750154183" custom="readingOrder {index:6;}">
                <Coords points="774,1466 2085,1466 2085,1571 774,1571"/>
                <Baseline points="774,1544 2085,1544"/>
                <TextEquiv>
                    <Unicode>Gerhaben das von der Pupillin anlig</Unicode>
                </TextEquiv>
            </TextLine>
            <TextLine id="tl_1750154176" custom="readingOrder {index:7;}">
                <Coords points="2066,1590 2059,1579 2041,1575 1683,1574 1437,1577 937,1595 827,1606 774,1616 769,1622 769,1656 779,1667 821,1672 1292,1672 1467,1666 2048,1660 2063,1652"/>
                <Baseline points="769,1646 2066,1646"/>
                <TextEquiv>
                    <Unicode>enden 300 f Capital den 20. Aug.</Unicode>
                </TextEquiv>
            </TextLine>
            <TextLine id="tl_1750154186" custom="readingOrder {index:8;}">
                <Coords points="2106,1681 2102,1674 2076,1670 1479,1678 1199,1688 839,1691 775,1707 771,1715 770,1753 771,1766 776,1772 822,1777 1524,1777 2072,1769 2095,1766 2105,1760"/>
                <Baseline points="770,1748 2106,1748"/>
                <TextEquiv>
                    <Unicode>verfallene Iahrs Interesse mit funff</Unicode>
                </TextEquiv>
            </TextLine>
            <TextLine id="tl_1750154173" custom="readingOrder {index:9;}">
                <Coords points="746,1782 2092,1782 2092,1900 746,1900"/>
                <Baseline points="746,1869 2092,1869"/>
                <TextEquiv>
                    <Unicode>zehen gulden rh. auf Ihr Quitt.</Unicode>
                </TextEquiv>
            </TextLine>
            <TextLine id="tl_1750154148" custom="readingOrder {index:10;}">
                <Coords points="2407,1912 2403,1898 2390,1888 2324,1873 2238,1876 2097,1905 1971,1918 1668,1916 1438,1908 908,1912 771,1928 763,1944 765,1992 776,2000 842,2011 1562,1997 1748,2000 1940,2014 2096,2014 2218,2000 2342,1972 2364,1959 2400,1950 2407,1938"/>
                <Baseline points="763,1978 2407,1978"/>
                <TextEquiv>
                    <Unicode>hiebey Idest 15 f.</Unicode>
                </TextEquiv>
            </TextLine>
            <TextLine id="tl_1750154159" custom="readingOrder {index:11;}">
                <Coords points="753,2267 754,2292 760,2300 813,2309 1370,2309 1563,2300 1907,2301 2011,2295 2021,2286 2021,2244 2016,2233 1989,2224 1966,2210 1820,2188 1694,2182 1283,2181 1102,2166 889,2159 855,2161 803,2172 792,2197 760,2221"/>
                <Baseline points="753,2270 2021,2270"/>
                <TextEquiv>
                    <Unicode>Den 25. Septemb. Zahlte ich herrn</Unicode>
                </TextEquiv>
            </TextLine>
            <TextLine id="tl_1750154178" custom="readingOrder {index:12;}">
                <Coords points="2095,2317 2087,2312 2038,2306 1548,2304 1328,2317 1187,2315 1006,2322 854,2319 806,2327 788,2335 786,2395 802,2402 1242,2404 1580,2396 2074,2398 2096,2391"/>
                <Baseline points="786,2379 2096,2379"/>
                <TextEquiv>
                    <Unicode>bernhardt Schmelte I. V. Dr. vnd Super</Unicode>
                </TextEquiv>
            </TextLine>
            <TextLine id="tl_1750154179" custom="readingOrder {index:13;}">
                <Coords points="2049,2439 2043,2428 1993,2413 1866,2407 1615,2408 1450,2418 1260,2419 854,2430 780,2442 777,2446 777,2503 780,2509 793,2511 1185,2511 1343,2496 1557,2498 1687,2507 1979,2496 2039,2491 2048,2487"/>
                <Baseline points="777,2485 2049,2485"/>
                <TextEquiv>
                    <Unicode>intendenten der Rosen bursch das von</Unicode>
                </TextEquiv>
            </TextLine>
            <TextLine id="tl_1750154165" custom="readingOrder {index:14;}">
                <Coords points="2059,2540 2051,2531 1995,2524 1813,2518 1497,2515 1302,2519 1141,2538 857,2551 812,2557 798,2562 797,2601 800,2608 809,2612 860,2619 1268,2622 1381,2616 1542,2621 1663,2611 1816,2613 1995,2606 2058,2598"/>
                <Baseline points="797,2593 2059,2593"/>
                <TextEquiv>
                    <Unicode>ermelter Rosenbursch anligenden</Unicode>
                </TextEquiv>
            </TextLine>
            <TextLine id="tl_1750154167" custom="readingOrder {index:15;}">
                <Coords points="2099,2634 2084,2627 2034,2625 1744,2628 1525,2635 1372,2635 1243,2647 856,2649 796,2657 792,2665 794,2720 806,2726 958,2734 1278,2727 1428,2735 1999,2734 2094,2725 2099,2719"/>
                <Baseline points="792,2706 2099,2706"/>
                <TextEquiv>
                    <Unicode>2830 f Capital iezt Michaeli verfal</Unicode>
                </TextEquiv>
            </TextLine>
            <TextLine id="tl_1750154164" custom="readingOrder {index:16;}">
                <Coords points="765,2788 765,2831 771,2842 821,2852 893,2856 1445,2855 1624,2847 1830,2849 2067,2838 2074,2832 2073,2768 2067,2760 2055,2755 1903,2760 1754,2753 1437,2752 1323,2746 926,2751 815,2758 773,2769 768,2773"/>
                <Baseline points="765,2827 2074,2827"/>
                <TextEquiv>
                    <Unicode>lene Iahrs Interesse mit 74. dan</Unicode>
                </TextEquiv>
            </TextLine>
            <TextLine id="tl_1750154162" custom="readingOrder {index:17;}">
                <Coords points="2084,2872 2074,2863 2028,2860 1622,2861 1322,2870 1171,2880 863,2884 798,2895 792,2906 792,2946 801,2956 857,2964 1029,2968 1239,2964 1839,2968 1983,2963 2081,2953 2084,2949"/>
                <Baseline points="792,2941 2084,2941"/>
                <TextEquiv>
                    <Unicode>von 500 f Capital auch Michaelis ver</Unicode>
                </TextEquiv>
            </TextLine>
            <TextLine id="tl_1750154184" custom="readingOrder {index:18;}">
                <Coords points="783,2979 2077,2979 2077,3093 783,3093"/>
                <Baseline points="783,3063 2077,3063"/>
                <TextEquiv>
                    <Unicode>fallene Iahrs Interesse mit 25 f. Zue</Unicode>
                </TextEquiv>
            </TextLine>
            <TextLine id="tl_1750154161" custom="readingOrder {index:19;}">
                <Coords points="757,3102 2077,3102 2077,3228 757,3228"/>
                <Baseline points="757,3195 2077,3195"/>
                <TextEquiv>
                    <Unicode>samben aber Inhalt Quitt. hiebey</Unicode>
                </TextEquiv>
            </TextLine>
            <TextLine id="tl_1750154181" custom="readingOrder {index:20;}">
                <Coords points="946,3450 947,3545 956,3558 996,3578 1061,3586 1418,3603 1590,3617 1778,3618 1881,3614 1926,3606 1937,3598 1938,3482 1931,3474 1789,3463 1743,3456 1597,3453 1532,3442 1493,3424 1462,3415 1302,3408 1166,3413 1064,3412 1000,3417 955,3435"/>
                <Baseline points="946,3564 1938,3564"/>
                <TextEquiv>
                    <Unicode>Latus 52 f 4 s d</Unicode>
                </TextEquiv>
            </TextLine>
            <TextEquiv>
                <Unicode></Unicode>
            </TextEquiv>
        </TextRegion>
        <TextRegion id="region_250824125" custom="readingOrder {index:1;}">
            <Coords points="2541,0 5082,0 5082,4125 2541,4125"/>
            <TextLine id="tl_1750154171" custom="readingOrder {index:0;}">
                <Coords points="4280,582 4277,570 4271,565 4218,549 4008,538 3723,557 3546,553 3417,560 3163,563 3111,569 3090,583 3064,593 3057,609 3057,654 3073,663 3109,665 4266,664 4276,661 4280,654"/>
                <Baseline points="3057,631 4280,631"/>
                <TextEquiv>
                    <Unicode>benent. neun vnd neunzig</Unicode>
                </TextEquiv>
            </TextLine>
            <TextLine id="tl_1750154157" custom="readingOrder {index:1;}">
                <Coords points="3053,728 3054,781 3059,789 3131,799 3913,797 4085,802 4275,821 4545,822 4628,815 4680,802 4690,790 4687,757 4649,732 4646,704 4605,696 4440,698 4249,710 3828,683 3199,680 3117,688 3099,700 3059,709"/>
                <Baseline points="3053,785 4690,785"/>
                <TextEquiv>
                    <Unicode>gulden rh. Idest 99 f</Unicode>
                </TextEquiv>
            </TextLine>
            <TextLine id="tl_1750154147" custom="readingOrder {index:2;}">
                <Coords points="4350,919 4344,911 4325,906 3982,890 3893,895 3793,907 3527,955 3378,956 3336,953 3250,937 3146,936 3090,945 3073,963 3043,976 3037,988 3036,1045 3040,1055 3076,1058 3506,1057 3902,1036 4063,1033 4179,1021 4289,1016 4341,1007 4349,1000"/>
                <Baseline points="3036,1016 4350,1016"/>
                <TextEquiv>
                    <Unicode>Den 28 dito Zahlte ich vor hochgedacht</Unicode>
                </TextEquiv>
            </TextLine>
            <TextLine id="tl_1750154152" custom="readingOrder {index:3;}">
                <Coords points="4266,1069 4263,1063 4245,1058 4076,1058 3868,1052 3589,1072 3388,1072 3238,1082 3101,1085 3053,1093 3042,1099 3042,1163 3418,1165 3848,1131 4120,1121 4263,1103"/>
                <Baseline points="3042,1136 4266,1136"/>
                <TextEquiv>
                    <Unicode>Ihrer G. herrn Grundeman etc. in</Unicode>
                </TextEquiv>
            </TextLine>
            <TextLine id="tl_1750154160" custom="readingOrder {index:4;}">
                <Coords points="4315,1152 4308,1142 4253,1135 3971,1140 3800,1149 3509,1181 3378,1191 3194,1198 3108,1209 3058,1220 3054,1225 3054,1263 3058,1271 3081,1273 3483,1272 4045,1236 4310,1210 4315,1205"/>
                <Baseline points="3054,1237 4315,1237"/>
                <TextEquiv>
                    <Unicode>abschlag der auf dis Iahr verfallenen</Unicode>
                </TextEquiv>
            </TextLine>
            <TextLine id="tl_1750154177" custom="readingOrder {index:5;}">
                <Coords points="4311,1253 4296,1246 4070,1253 3732,1274 3561,1293 3365,1300 3107,1319 3048,1332 3043,1341 3044,1380 3058,1382 3446,1382 3836,1353 3975,1352 4021,1348 4151,1329 4309,1316 4313,1310"/>
                <Baseline points="3043,1348 4313,1348"/>
                <TextEquiv>
                    <Unicode>Chaosischen Interesse benent. aintau</Unicode>
                </TextEquiv>
            </TextLine>
            <TextLine id="tl_1750154168" custom="readingOrder {index:6;}">
                <Coords points="4303,1355 4292,1348 4144,1346 3973,1365 3689,1383 3432,1408 3242,1418 3093,1418 3042,1428 3040,1488 3084,1492 3526,1491 3918,1456 4149,1445 4278,1444 4294,1441 4303,1433"/>
                <Baseline points="3040,1454 4303,1454"/>
                <TextEquiv>
                    <Unicode>ßent zwayhundert vnd funff</Unicode>
                </TextEquiv>
            </TextLine>
            <TextLine id="tl_1750154154" custom="readingOrder {index:7;}">
                <Coords points="4275,1484 4266,1478 4220,1471 3934,1471 3504,1504 3062,1516 3033,1519 3017,1527 3016,1592 3019,1600 3031,1602 3576,1602 3801,1593 3906,1583 4078,1581 4219,1561 4266,1546 4276,1532"/>
                <Baseline points="3016,1567 4276,1567"/>
                <TextEquiv>
                    <Unicode>zig gulden rh. lauth Quitt. hie</Unicode>
                </TextEquiv>
            </TextLine>
            <TextLine id="tl_1750154151" custom="readingOrder {index:8;}">
                <Coords points="4683,1596 4672,1587 4656,1584 4344,1584 3751,1615 3114,1631 3044,1641 3036,1651 3035,1691 3039,1702 3051,1707 3128,1713 3936,1710 4224,1724 4597,1722 4667,1711 4683,1702"/>
                <Baseline points="3035,1689 4683,1689"/>
                <TextEquiv>
                    <Unicode>bey Idest 1250 f</Unicode>
                </TextEquiv>
            </TextLine>
            <TextLine id="tl_1750154153" custom="readingOrder {index:9;}">
                <Coords points="4318,1896 4310,1886 4266,1877 4113,1863 3751,1867 3519,1887 3395,1883 3245,1870 3102,1873 3074,1879 3039,1897 3030,1907 3025,1931 3025,1999 3030,2005 3080,2007 3517,2001 3643,1989 3794,1984 3908,1970 4261,1947 4314,1939 4318,1931"/>
                <Baseline points="3025,1971 4318,1971"/>
                <TextEquiv>
                    <Unicode>Den 29 dito Zahlte ich herrn Andreen</Unicode>
                </TextEquiv>
            </TextLine>
            <TextLine id="tl_1750154169" custom="readingOrder {index:10;}">
                <Coords points="4308,1983 4294,1975 4271,1973 3964,1977 3682,1996 3346,2028 3112,2029 3055,2039 3049,2047 3048,2088 3051,2099 3060,2101 3422,2101 4014,2064 4294,2039 4308,2031"/>
                <Baseline points="3048,2069 4308,2069"/>
                <TextEquiv>
                    <Unicode>Grüner der H. Schrifft Dr. vnd Thumb</Unicode>
                </TextEquiv>
            </TextLine>
            <TextLine id="tl_1750154182" custom="readingOrder {index:11;}">
                <Coords points="4286,2085 4277,2082 4216,2077 3956,2079 3774,2096 3636,2103 3290,2131 3105,2136 3042,2150 3038,2156 3037,2200 3038,2205 3051,2207 3478,2207 3692,2194 3905,2168 4273,2137 4287,2132"/>
                <Baseline points="3037,2173 4287,2173"/>
                <TextEquiv>
                    <Unicode>herrn bey St. Stephan das von denen</Unicode>
                </TextEquiv>
            </TextLine>
            <TextLine id="tl_1750154158" custom="readingOrder {index:12;}">
                <Coords points="4340,2164 4346,2136 4237,2171 4106,2170 3976,2176 3478,2229 3182,2247 3062,2265 3051,2275 3051,2311 3054,2315 3070,2317 3398,2316 3743,2295 3856,2283 4050,2277 4120,2263 4230,2249 4274,2238 4281,2229"/>
                <Baseline points="3051,2278 4282,2278"/>
                <TextEquiv>
                    <Unicode>anligenden Michael Füxlischen 175 f</Unicode>
                </TextEquiv>
            </TextLine>
            <TextLine id="tl_1750154174" custom="readingOrder {index:13;}">
                <Coords points="4289,2306 4279,2295 4190,2288 3880,2295 3507,2333 3300,2341 3112,2361 3060,2371 3050,2379 3049,2415 3050,2425 3064,2427 3481,2427 3693,2414 3827,2393 4005,2379 4163,2355 4273,2347 4288,2342"/>
                <Baseline points="3049,2390 4289,2390"/>
                <TextEquiv>
                    <Unicode>Capital ietzt Michaeli verfallene</Unicode>
                </TextEquiv>
            </TextLine>
            <TextLine id="tl_1750154180" custom="readingOrder {index:14;}">
                <Coords points="4306,2421 4299,2410 4253,2394 4152,2387 3880,2408 3654,2435 3098,2463 3042,2474 3040,2537 3055,2541 3397,2540 3610,2520 4198,2490 4262,2480 4292,2467 4299,2455 4293,2444 4282,2438 4285,2432 4304,2427"/>
                <Baseline points="3040,2501 4306,2501"/>
                <TextEquiv>
                    <Unicode>Iahrs Interesse mit acht gulden</Unicode>
                </TextEquiv>
            </TextLine>
            <TextLine id="tl_1750154156" custom="readingOrder {index:15;}">
                <Coords points="4748,2515 4738,2493 4699,2483 4497,2481 4079,2513 3682,2530 3165,2562 3043,2579 3031,2599 3033,2658 3051,2661 3986,2660 4603,2643 4679,2634 4740,2613 4748,2595"/>
                <Baseline points="3031,2616 4748,2616"/>
                <TextEquiv>
                    <Unicode>6 s d. Inhalt Quitt. hiebey Idest 8 f 6 s d</Unicode>
                </TextEquiv>
            </TextLine>
            <TextLine id="tl_1750154150" custom="readingOrder {index:16;}">
                <Coords points="4279,2768 4271,2761 4132,2755 3852,2759 3554,2803 3244,2822 3067,2828 3005,2844 3003,2916 3011,2927 3070,2930 3374,2929 3530,2924 3663,2915 3857,2893 4188,2871 4274,2856 4279,2846"/>
                <Baseline points="3003,2884 4279,2884"/>
                <TextEquiv>
                    <Unicode>Dito Zahlte ich h. Ioh. Wilhelm De La</Unicode>
                </TextEquiv>
            </TextLine>
            <TextLine id="tl_1750154172" custom="readingOrder {index:17;}">
                <Coords points="4268,2908 4258,2899 4228,2896 4014,2899 3828,2910 3618,2933 3070,2955 3023,2963 3011,2971 3010,3028 3025,3030 3383,3029 4158,2971 4266,2955"/>
                <Baseline points="3010,2995 4268,2995"/>
                <TextEquiv>
                    <Unicode>brecho Thumbherrn vnd Beneficiaten</Unicode>
                </TextEquiv>
            </TextLine>
            <TextLine id="tl_1750154166" custom="readingOrder {index:18;}">
                <Coords points="4315,3004 4311,2993 4294,2988 4064,2992 3820,3004 3370,3042 3133,3057 3079,3064 3024,3078 3018,3085 3018,3127 3022,3136 3035,3142 3086,3149 3735,3149 3914,3141 3976,3134 4054,3115 4212,3090 4309,3070 4314,3063"/>
                <Baseline points="3018,3108 4315,3108"/>
                <TextEquiv>
                    <Unicode>des Elisabeth Weispacherischen Stiffts</Unicode>
                </TextEquiv>
            </TextLine>
            <TextLine id="tl_1750154170" custom="readingOrder {index:19;}">
                <Coords points="3136,3559 3138,3574 3144,3583 3179,3587 3416,3587 3619,3579 3966,3578 4116,3570 4154,3559 4168,3531 4189,3519 4197,3509 4199,3403 4197,3398 4181,3392 4123,3386 4029,3388 3918,3401 3834,3395 3760,3380 3711,3350 3668,3335 3632,3332 3529,3333 3488,3342 3472,3354 3447,3362 3430,3376 3350,3410 3308,3420 3220,3433 3176,3445 3169,3456 3146,3469 3140,3477"/>
                <Baseline points="3136,3521 4199,3521"/>
                <TextEquiv>
                    <Unicode>Latus 1357 f 6 s d.</Unicode>
                </TextEquiv>
            </TextLine>
            <TextEquiv>
                <Unicode></Unicode>
            </TextEquiv>
        </TextRegion>
    </Page>
</PcGts>
