4744 3878
812 585 2376 720 Den 7 April 12 f. 7 s.
699 728 2371 869 Den 14 dito 16 f. 5 s.
680 912 2356 1033 Den 21 dito 14 " - "
707 1062 2359 1192 Den 29 dito 15 " - "
1185 1185 1421 1321 Maii
769 1333 2362 1483 Den 5 Maii 15 f. 5 s.
681 1493 2350 1636 Den 12 dito 15 f. 1 "
627 1674 2342 1801 Den 19 dito 22 " - "
629 1823 2353 1937 Den 26 dito 16 " 5 "
1088 1965 1385 2084 Iunii
637 2081 2335 2207 Den 2 Iunii 15 f. - "
661 2241 2327 2351 Den 9 dito 15 " - "
642 2372 2314 2485 Den 16 dito 12 " - "
626 2517 2320 2618 Den 23 dito 14 "  7 "
662 2637 2323 2763 Den 30 dito 13 " 6 "
1090 2773 1362 2886 Iulii
694 2860 2328 3004 Den 7 Iulii 9 f. 7 s.
671 3004 2312 3139 Den 14 dito 9 " 2 "
664 3180 2174 3403 Latus 218 f. 1 s. 22 d.
2701 496 4523 643 Den 21 dito 10 f. 7 s 4 d
2704 646 4506 797 Den 28 dito 10 " 6 " 6 "
3103 792 3547 901 Augustii
2799 935 4472 1073 Den 4 Augustii 10 " - " 14 "
2660 1115 4471 1237 Den 11 dito 12 " 1 " 28 "
2664 1272 4456 1399 Den 18 dito 15 " 5 " 8 "
2653 1436 4474 1565 Den 25 dito 13 " 1 " 16 "
3065 1595 3532 1718 September
2733 1766 4489 1905 Den 1. September 12 " f. 6 s. 20 d.
2651 1923 4458 2056 Den 8 dito 11 " 6 " 24 "
2630 2083 4447 2216 Den 15 dito 9 " 5 " 12 "
2641 2252 4433 2378 Den 22 dito 14 " 3 " 10 "
2683 2412 4424 2537 Den 29 dito 13 " - "  6 "
2943 2553 3400 2682 October
2681 2711 4433 2841 Den 6. October 16 f. 2 s. 26 d.
2654 2879 4364 3007 Den 13 dito 16 " - " 28
2606 3009 4358 3145 Den 20 dito 17 " 6 " 18 "
2675 3185 4092 3426 Latus 184 f. 7 s 10 d.
