4780 3867
711 482 2423 618 Den 27 dito 15 f. 1 s.
1194 650 1806 792 Nouember
803 788 2409 922 Den 3 Nouember 16 f. 7 s
725 945 2390 1074 Den 10 dito 12 " 6 2
741 1108 2402 1224 Den 17 dito 14 " 1 " 10
696 1261 2388 1381 Den 24 dito 15 " 2 " 4
1146 1416 1686 1548 December
723 1575 2388 1713 Den 1 December 18 f. - s.
693 1749 2370 1875 Den 8 dito 15 " 6 "
683 1899 2362 2031 Den 15 dito 16 " 1 "
665 2069 2315 2198 Den 22 dito 24 f. 4
692 2230 2359 2358 Den 29 dito 18 " 6 "
808 2441 2035 2687 Latus 167 f. 5 s 18 d.
2812 1045 4256 1217 Summa Empfang Trögler Gföl
2903 1205 4240 1315 benentlichen Achthundert drey
2906 1308 4263 1444 vnd Sechzig gulden Vier schilling
2915 1390 3463 1502 Sechs pfening
2859 1519 4025 1807 Idest 863 f. 4 s 6 d.
