4744 3857
2599 223 3934 656 Empfang
2897 664 3803 821 Von Trögler Gföhl
3155 814 3486 916 Ianuarii
2816 938 4559 1060 Den 6 Ianuarii 12 f. 5 s. 22 d.
2743 1079 4551 1203 Den 13 dito 13 "  1 " 14 "
2720 1222 4513 1354 Den 20 dito 14 " 4 " 12 "
2678 1369 4490 1482 Den 27 dito 12 " - " 2 "
3106 1505 3512 1618 Februarii
2658 1657 4533 1783 Den 3 Febr. 15 f. 1 s. 6 d.
2684 1816 4510 1917 Den 10 dito 20 " - " 26 "
2702 1951 4495 2061 Den 17 dito 32 " 7 " 18 "
2728 2087 4480 2214 Den 24 dito 33 " 7 " 10 "
3047 2206 3440 2347 Martii
2722 2367 4526 2487 Den 3 Martii 30 f. 6 s. 24 d.
2699 2511 4458 2619 Den 10. dito 30 " 4 " 24 "
2678 2636 4452 2751 Den 17 dito 30 " - " 28 "
2706 2791 4440 2902 Den 24 dito 32 " 4 " 22 "
2698 2933 4442 3040 Den 31 dito 13 " 7 " 18 "
3022 3040 3368 3145 April
2722 3145 4141 3408 Latus 292 f. 5 s 16 d
