4722 3883
813 610 2013 707 gottfried h    St rkh h r
779 692 2024 796 sediert ) auf wolgefahlen transfe
771 779 2016 876 rierten Tafernrechts die deßwegen
777 871 2010 963 Gem. Statt schuldige gebühr Vnd Ge
772 964 2014 1055 rechtigkheit mit dreyßig Gulden
788 1054 2012 1144 rh. Vermög Vidimierten Raitthand
773 1127 2323 1247 ler bericht hiebei Idest 30 f.
758 1300 1987 1425 Den 4 Iunii Erlegt Geörg Wendling
792 1420 2004 1503 burger alhie wegen der Ihme auf
773 1499 1978 1583 sein an der Wienn gelegenen Heüßl
758 1574 1990 1672 Von Einem Löbl. Stattrath etc gnedig be
755 1670 2022 1765 willigten Würthsgerechtigkheit sambt
761 1755 1903 1851 außhenckhung aines Schüldts Zum
750 1848 1985 1933 weissen Ochsen genannt die deßwegen
747 1927 1979 2022 schuldige gebühr mit Fünff Zehen
740 2014 1973 2106 Gulden rh. Inhalt anbringen vnnd
723 2102 1970 2190 berathschlagten Ober Cammerambts
764 2185 2275 2286 bericht hiebey Idest 15 f.
722 2333 1993 2434 Den 28 Iulii Erlegte Frau Anna Ma
735 2431 1926 2511 ria Siglin Wittib wegen deß auf
730 2511 1866 2593 Ihr aigenthumbliches Heüßl Zum
724 2591 1906 2671 Khüefueß genannt sonsten in der
716 2671 1940 2757 Alstergassen ligend von neuem so
706 2756 1928 2844 lang Sie in burgerstand Verhart
716 2841 1925 2929 Von Einem Löbl. Stattrath etc gnedig
708 2923 1927 3020 bewilligten Tauern Rechts die deß
717 3017 1947 3120 wegen schuldige gebühr mit Zehen
727 3107 2178 3206 Gulden rh. Idest 10 f.
759 3235 1807 3428 Latus 55 f
2717 470 3982 583 Den 14 September Erlegte Frau
2750 578 3955 664 Rosina haagen Wittib wegen der
2759 667 3992 750 Von dem Rothen Laden Vor dem Neuen
2753 750 3997 840 Thor so wegen der Fordification ab
2763 836 3983 923 gebrochen worden auf das auf der
2775 922 3955 1009 Scheiben ligend Ihr Vnnd Ihrer Ehe
2761 1009 3950 1093 leiblichen Tochter Maria Magdalena
2776 1092 3950 1172 aber Zuegehörige Heüßl Von Einen
2770 1173 3984 1251 Löbl. Stattrath etc transferierte Tafer
2751 1242 3956 1327 recht vnnd Bradladen die deßwegen
2756 1324 3945 1397 schuldige gebühr als wegen deß
2741 1396 3951 1479 Tafern Rechts Zehen dan wegen deß
2754 1474 3944 1554 Bradladen Fünff Vnnd also Zusamben
2768 1551 3956 1647 benent. Fünff Zehen Gulden rh.
2757 1641 3956 1721 lauth anbringen Vnnd berathschlagten
2740 1721 3863 1816 Ober Camerambts bericht hiebey
3696 1799 4224 1920 Idest 15 f.
2749 1916 3935 2022 Den 24. Nouember Erlegte Marthin
2762 2020 3915 2105 Schwartz burger auf der Laimbgrue
2752 2101 3958 2193 ben die Von Einem Löbl. Stattrath etc
2749 2178 3931 2263 Innhalt beyligenden anbringen Vnd
2744 2265 3930 2354 Ober Cammerambts bericht Ihme Von
2746 2350 3911 2432 seiner wegen der Fordification ab
2739 2431 3894 2517 gebrochenen behausung in der Khott
2741 2513 3893 2594 gassen auf sein ausser der Windt
2736 2593 3912 2679 mühl in Schüff Neu Pauendes hauß
2737 2674 3971 2763 gnedig transferierten Tafernrechts
2745 2762 3903 2843 die deßwegen schuldige gebühr
2756 2833 4200 2955 mit Zehen Gulden rh. Idest 10 f.
2759 3005 3855 3117 den 17 december Erlegte herr
2761 3162 3694 3426 Latus 25 f.
