4726 3884
2641 225 3931 675 Empfang
2789 677 4038 826 Von Tauern Gastgeber irn
3036 801 3661 938 Tafel Recht
2724 942 3989 1109 Den 19. Ianuarii Erlegt Andree Püe
2772 1099 3970 1187 gendorffer burger auf der wüden
2791 1187 3961 1272 wegen deß Ihme auf seine behau
2770 1261 3999 1352 sung alda ( sonsten Zum drey hackh
2765 1343 3978 1428 genannt ) von Einen löbl. Stattrath etc
2764 1423 3897 1515 Innhalt beyligent berathschlagten
2761 1516 3963 1606 Ober Cammer Ambts bericht auß gnaden
2765 1596 3970 1684 ertheilten Tauerrechts die deß
2756 1681 3971 1763 wegen gemainer Statt schuldige ge
2763 1761 4011 1880 bühr mit Zwainzig gulden rh.
3756 1874 4322 2006 Idest 20 f.
2769 1945 3930 2056 Den 25 Maii Erlegt herr Zacha
2776 2054 3900 2139 rias Adam Pauer deß aussern
2768 2138 3902 2218 Raths wegen deß Von Einem
2775 2215 4012 2292 Löbl. Stattrath etc Ihme Von dem Michael
2764 2290 3947 2379 Edlischen Wirths Heüßl Zum Gulde
2757 2377 3955 2458 nen Adler am Traydmarckht weillen
2751 2458 3946 2542 selbiges Völlig wegen deß Fordi
2734 2541 3973 2623 fications gepeü abgebrochen wor
2742 2621 3923 2704 den vnnd Er Pauer dem Pupillen
2752 2701 3947 2779 Zum besten die materialien sambt
2756 2779 3982 2869 der Würths gerechtigkheit erkhaufft
2763 2864 3941 2948 auf sein aigenthumbliches Heüßl vor
2752 2952 3966 3035 dem Stuben Thor negst der Spital
2733 3027 3951 3125 Mühl gelegen ( welches vorhero der
2768 3176 3700 3400 Latus per se.
