5051 4070
3112 220 4088 616 Außgab
3084 613 4113 884 Aufs Rorate Celii
2936 970 4212 1118 Den Zwaintzigisten tag Decembris Anno etc.
2964 1103 4253 1195 AinßvndAchtzigisten Gab ich dem Organisten Abra
2945 1187 4247 1284 hamb Strussen die drey gulden Vier schilling
2941 1269 4216 1371 Pfening wögen das er sich das ganntz Aduent
2947 1355 4226 1454 beim Rorati Celli gebrauchen Lassen Nach
2959 1408 4826 1558 Altem gebrauch Vt quittung Idest f 3. s 4 d -
2861 1612 4277 1801 Eodem die Zalt ich dem Stadt Thurnner Hannß
2906 1750 4266 1889 Neßner Vmb das er sich sambt seinem Gesöllen
2969 1847 4171 1968 an yetzt das ganntz Aduent gebrauchen
2949 1927 4271 2066 Lassen Zue ZuePueß drey Taller Vt quit
2972 1983 4841 2147 tung Idest f 3 s 4. d -
2832 2243 4295 2451 Eodem die Zalt ich gleichsfaallß dem Chonntor
2967 2402 4275 2527 Zu Sant Steffan Iudas dePierPanndt das
2982 2485 4268 2609 er sich sambt den seinigen Im Rorate Celi
2966 2570 4221 2707 gebrauchen Lassen Zue ZuePueß Sechs
2946 2652 4891 2829 gulden Reinisch Vt quittung Idest f 6 s - d -
2881 2862 4266 3023 Den Lessten tag Decembris Gab ich dem Mößner
2935 2990 4214 3134 zu Sant Steffan Chaspar Prunner Wögen
2880 3193 4198 3440 Latus 13 f - s - d
3284 3508 4111 3683 29897. 7. 6 ./.
