5110 4088
666 408 1967 569 Item den Zwaintzigisten tag Iunii Zalt ich dem
704 559 1965 651 Hannß Herrle Burger Vnd Schlosser alhie An
716 639 1981 734 seiner Arbait Abermall in Abschlag Zu Nod
695 726 2022 833 turfft in gemainer stadt Zeughauß Verricht
651 800 2493 962 würdt Ain gulden Vt quittung Idest f 1. s - d -
616 995 2011 1159 Den Lessten ditz Gab ich Geörgen Nägel Auß
699 1132 2023 1245 dem LemPach Vmb Zwayhundert fünf Peüchen
679 1224 2027 1333 Außgehackht Püchsen schäfft Auf Toppel Häggen
678 1304 2007 1422 Zu Nodturfft gemainer stadt Zeughauß
663 1399 2037 1519 Vmb Ieden schafft Vier khreitzer Tueth Laudt
666 1500 2020 1612 seiner quittung hiebey Dreitzehen gulden
630 1524 2503 1735 Fünf schilling Zehen Pfening Idest f. 13 s 5. d 10
616 1800 2059 1960 Item den Achten tag Iullii Gab ich dem Daniel
686 1943 1949 2044 Melldeman Maller in Abschlag seiner
687 2033 1978 2141 Arbait Vber die dreissig gulden so er Zuuor
696 2119 1956 2231 Zu Zwaimallen Empfanngen Nach
617 2167 2518 2354 darauf Zwen gulden Vt quittung Idest f 2. s - d -
631 2382 1904 2562 Den NeünvndZwaintzigisten tag Iullii
658 2542 1958 2652 Gab ich Abermalln den Maister daniel
665 2644 1952 2749 Meldeman Maller Vnd Burger alhie In
686 2734 1990 2854 Abschlag seiner Arbait Vber die Zwen Vnd
682 2836 2008 2976 dreissig gulden so er Zuuor Zu dreymallen
572 3059 1983 3372 Latus 16 f. 5 s 10 d
2947 432 4248 564 Biß auf dato Empfanngen Noch darauf
2962 530 4920 689 Zwaintzig gulden Vt quittung Idest f 20. s - d -
2949 750 4227 877 Item den Zwelfften tag Augustii Zalt ich Aber
3008 875 4226 969 mallen Maister Hannsen Herrle Burger
2997 962 4192 1053 vnd Schlosser alhie in Abschlag seiner Ver
2962 1040 4251 1132 diennten Schlosser Arbait in Gemainer stadt
2982 1117 4866 1270 Zeughauß Zwen gulden Vt quittung Idest f 2. s - d -
2951 1388 4209 1520 Item den Neündten tag Septembris Gab ich
2943 1502 4164 1612 dem Hannß Clamer Sailler Von Obern
2960 1590 4229 1698 hollePrun Vmb drithalben Cennten Neue
2970 1682 4206 1793 Zündtstrückh Zu Nodtuerfft gemainer
2972 1774 4182 1892 stadt Zeughauß den Cennten Per Sechs
2961 1877 4169 1978 Taller Tueth in Müntz Tueth in Müntz
2936 1967 4189 2083 Sibentzehen gulden Vier schilling Pfening
2935 2032 4846 2187 Vt quittung Idest f 17. s 4. d -
2916 2263 4183 2410 Item den Sibenden Octobris Gab ich dem
2937 2384 4125 2498 Georg Mader Gemainer stadt Wienn
2943 2483 4253 2593 Zeugwardt Zu seines Ambts Nottuerfften
2952 2570 4155 2663 Insonderhait das er etliche Alte Vnd
2922 2659 4136 2769 Zer Prochne Schäfft An Toppelbägckhen
2936 2750 4154 2854 Von Neuem Zu gedachts Zeughauß Nod
2967 2837 4124 2938 tuerfften Schifften Lassen soll Auf guete
2959 2879 4788 3034 Raittung Vt quittung Zehen gulden Idest f 10. s - d -
2808 3147 4179 3421 Latus 49 f. 4 s - d
