4902 3999
617 460 1935 606 Yedem die wochen Ain gulden Macht In
625 606 1963 713 ainer Suma diß gantz Iar Vermüg an
611 714 1953 824 fangs ernentes wolfen Sepachers vnd Is
622 823 1938 937 aren Saloman geferttigten Quittung
613 929 1944 1050 hiebey den Neünundzwaintzigisten De
596 1025 1920 1182 cember diß Iar datiert Vierhundert
598 1150 1517 1307 Neünundreissig gulden
1416 1269 2397 1456 Idest f. 439. s. d.
499 1433 1964 1622 Nit weniger Zalt ich Hannsen Finckherl Über
612 1604 1956 1726 geher der Infection ordnung auch Iacoben Stuel
612 1713 1920 1832 ler spörrer der Inficierten Zimer Vnd Iacoben
589 1822 1914 1931 Mayr seüberer der Infection sachen als von
591 1927 1928 2044 obbemelten herrn Commissarien hiertzue Ver
599 2033 1909 2154 ordneten Ir besoldung Von dem Sibentten
591 2149 1932 2277 Ianuarii bis auf den Neünundzwaintzi
596 2269 1954 2399 gisten december diß Iar alls Ainundfunf
596 2393 1918 2512 tzig wochen lang yede ainem Ain gulden
576 2502 1934 2649 Thuet Ainhundert dreyundfunftzig Pfundt
584 2630 1700 2776 pfening Vermüg quittung hiebey
1569 2706 2449 2895 Idest f. 153. s. d.
787 3208 1349 3353 et Summa
508 3339 1755 3506 Latus 592 f - s - d.
3028 3140 4148 3281 Suma Auf die Infection
3048 3281 4246 3424 Ordnung 592 f - " - "
