4990 3968
760 360 2074 470 Zapffenmaß Einnemers weingartten
755 472 2084 581 Zu Petzstorff in Ropolten genant Dene
777 582 2089 692 ich aus aignem Seckhel diß Iar verlegt
778 699 2096 808 vnd ausgeben lautt meiner Vndterschied
774 812 2070 940 lichen Verzaichnuß hiebey thuet Achtzehen
765 944 2071 1091 gulden Sechß schilling Zehen pfenning
1649 1171 2500 1323 Idest f. 18. s. 6. d 10.
672 1312 2063 1522 Gleichßfalls gabe ich gemainer Stath Vber
772 1514 2073 1644 reiter Petern Taufelhackher den Ain gulden
758 1639 2117 1794 Vier schilling Zwaintzig pfening so Er ainen
740 1760 2080 1883 Fuerman der den Maisch Zu gemainer Stath
701 1885 2129 2009 Preß herein gefüert das Fuerlohn auch Lesen
749 2011 2054 2133 vnd Huetgelt betzalt hat lautt geschribner
733 2139 2034 2266 vnd geferttigter Vertzaichnuß hiebey Ain
725 2249 2007 2423 gulden Vier schilling Zwaintzig Pfenning
1621 2501 2472 2669 Idest f. 1. s 4 d. 20.
541 3138 1805 3473 Latus 20. f. 3 s - d
3004 1692 4265 1873 Summa der Aussgaben auffs
3270 1859 3912 1989 Weingarttbaw
3278 2057 4248 2246 21. f. 3. s. d.
3083 3026 4285 3172 Suma Auf Weingart Paw
3280 3173 4268 3284 21. f 3. s - d.
