4926 3972
2613 231 4406 749 Auf die Infection
3331 738 3728 882 Ordnung
2935 940 4312 1132 Ittem Betzalt ich Wolfen Seepacher Vnnd
2961 1105 4305 1242 Isaren Salaman beede burger Vnd andern
2974 1211 4292 1354 Iren mituerwonten Alls ( von denen Von
2998 1324 4295 1472 Iofans Depudierten herrn Commissarien Zu der
3005 1440 4297 1587 Infection ordung ) verordnete vnndter den
3005 1559 4305 1700 Thörn Zu Recht ferttigung der Zueraisenten
3012 1675 4302 1818 personen Von dem Sibenten Ianuarii bis
3017 1811 4308 1946 auf den Neünundzwaintzigisten De
3016 1940 4302 2061 cember diß Vierundachtzigisten Iars
2992 2049 4340 2195 Alls Ainundfunftzig wochen lang Nemb
2999 2183 4297 2315 lichen sein Irer nachuolgundt gewesen
2944 2311 4333 2465 Erstlichen DreyundZwaintzig Wochen Yede
2993 2449 4319 2586 Ir Acht Volgundts Aindlef wochen nachein
3008 2565 4284 2684 ander Ir Neün Mer Acht wochen Ir
3000 2671 4343 2800 Acht Abermal Zwo wochen Ir Neün Ittem
2997 2789 4329 2918 drey wochen Ir Aindlef Dann mer
2983 2910 4368 3039 drey wochen Ir Zehen Die letzt vnd Ainund
3008 3029 4305 3176 funftzig Wochen Ir Aindlef verordnete
