5368 4012
2647 174 4319 750 Auf die Vhr
3093 753 4193 907 In Sant Steffans Thuern ./.
2939 984 4344 1163 Ittem Betzalt ich den Ainunddreissigisten
3085 1132 4327 1270 tag Maii Hannsen Nesner Stat Thuerner
3065 1258 4358 1401 alhie so man Ime Ierlichen für prenn
3046 1375 4361 1526 holtz phlegt Zugeben auf diß Vierund
3012 1512 4332 1665 achtzigisten Iar dreytzehen gulden ver
3043 1645 3803 1815 müg seiner quittung
3848 1758 4712 1961 Idest f. 13. s. d.
3005 2044 4299 2215 Mer gabe ich denen Wachtern In Sanct
3048 2200 4316 2342 Steffans Thuern Wilhalbm Weisl vnd
3036 2331 4324 2482 Hannsen Lingl Ir besoldung auf diß
3026 2483 4309 2613 Vierundachtzigisten Iars wegen der
3045 2603 4317 2751 Vhr daselbst Zurichten Nemblichen
3053 2757 4288 2913 Zu den Vier Quottembern Yede
3053 3013 3905 3330 Latus per se.
