4965 4041
725 379 1993 525 gelt die Fraw von Mollärt mit höher alls
721 528 2051 644 vmb Sibentzig khreützer angenomen Dann so
728 623 2027 743 ich vndter der andern Suma vil clain geldt
724 750 2015 858 annemen müessen an dem außzelln allent
715 858 2023 975 halben Siben gulden Zwen schilling pfening be
697 964 2033 1087 fundten Macht also der verlust an den be
700 1087 1987 1219 tzalten Dreyundzwaintzig Tausent gulden
713 1207 2006 1319 In allem Achtundsibentzig gulden Ain
717 1331 2076 1451 schilling Zwen pfening wellichen ich auf
714 1443 2022 1563 verwilligung herrn Burgermaister vnd
704 1559 2029 1679 Rath lautt Ratschlag den 17. Augustii diß
685 1680 1997 1806 Vierundachtzigisten Iars ergangen wie billich
738 1796 1507 1925 in die ausgab einstelle
1472 1927 2497 2101 Idest f. 78. s 1. d. 2
598 2524 2020 2692 Latus et Summa des Abganng
765 2682 1659 2875 vnnd Bößgeltt per se.
