5393 3658
3674 259 4770 659 Ein ander Innemen
3688 619 4687 797 des beraiten gelts
3343 694 4921 1015 Item So haben wir auf vnser
3363 956 4897 1161 Innemen gelegt daz berait
3404 1096 4816 1248 Gelt So Niclas Ernst vnnd Ich Bilig knab als
3396 1195 4779 1333 kamrer des Lvi ten Iars der Stat sein schuldig
3383 1288 4811 1428 worden an vnserer Raittung nach lautt des Ambt
3409 1384 5107 1569 puchs ꞩ Mccc iiii γ vii s vii d i ob
3344 1669 4881 1949 Innemen der Gult So Iorg
3392 1881 4837 2023 Stayner von Totzenpach auf vir Behaustenn
3416 1968 4790 2105 holden zu Schrikch der Stat Hintz sand Tibolt
3402 2061 4983 2234 Ierlich zuraichen hat vbergeben ut litera xi s d geltz
3301 2322 4849 2513 Innemen aus Mathias Bon
3355 2489 4878 2639 des Appotegker Geschefft So er armen Iunkfraun in presidn
3345 2573 3989 2691 zu venedii geschafft hat
