5358 3702
3246 330 4764 936 Auch legen wir auf
3351 884 4717 1085 vnser Innemen ainen
3299 1064 4774 1173 allten ausstannd auf den hernach geschriben personen
3301 1160 4748 1265 So Sy fur Ir Soldner Zerossen vnd Zufussen die man
3304 1253 4731 1340 In von der Stat für Galitz aufgenomen hat noch
3316 1330 4789 1439 schuldig sind vnd die vns die vordern kamrer habent
3347 1408 3703 1508 vbergegeben
3235 1524 4880 1645 Vonersten auf petern Rauch Zingiesser ii γ iiii s d
3266 1634 4464 1735 Item auf Mathias wisler auf ain zerossen
3363 1683 4937 1792 zway Moneid vnd ain wochen ꞩ xiii γ iiii s d
3303 1789 4452 1887 Item auf demselben wisler die letzten drey
3393 1827 4976 1955 wochen für ain Zerossen ꞩ iiii γ iiii s d
3380 1934 4985 2050 vnd auf ain Zefussen xiii wochen ꞩ viii γ xxx d
3299 2048 4414 2143 Item auf linharten Grünpacher auf ain
3422 2077 4995 2210 Zerossen viiii wochen ꞩ xiii γ iiii s d
3294 2200 5016 2317 Item Hanns Sorger auf die lesten v wochen vii γ iiii s d
3306 2303 4507 2398 Item Vlreich Metzleinstorffer auf ain Zerossen
3346 2368 4978 2483 vnd ain Zufussen die lesten v wochen ꞩ x γ v s d
3296 2481 4432 2596 Item Iorg von Nicolspurg auf ain Zerossen
3403 2526 5041 2652 viiii wochen ꞩ xiii γ iiii s d
3260 2657 5045 2761 Item Niclas purger auf die lesten v wochen vii γ iiii s d
3264 2757 5059 2886 Item Michel Rutl auf ain Zufuss v wochen iii γ xxx d
