5381 3693
857 441 2335 844 Fürleihen den werchleuten
921 837 2334 1063 So wir auf vnser Innem
934 1033 1349 1151 gelegt haben
835 1238 2020 1350 Von ersten auf Gregorii vnslidprenner
891 1341 2008 1441 So Im des liii ten Iars sind gelihen
907 1370 2467 1505 worden xi γ vi s d
899 1505 2013 1617 vnd die er von des vnslidhaus wegen
913 1608 2028 1722 desselben Iars ain quatemer schuldig
924 1664 2382 1791 ist Zu hoftzins iii γ d
863 1822 2070 1950 Item auf Pauln vberleger der anno liiiito
1004 1911 2347 2007 ut litera v γ d
840 2014 2367 2176 Item auf demselben Pauln Lvto ut Litera iii γ d
990 2400 2191 2623 Sum des furleihens xxii γ vi s d
3458 856 4480 972 So legen wir auf vns auf Iorgen
3359 965 4466 1061 Epishauser vnd hern Fridreichen Ebmer
3358 1054 4462 1146 ainen ausstand der Remanentz So Sy an
3340 1138 4548 1235 Irr Raittung des L ten Iars sind schuldig
3370 1222 4489 1318 worden mit sambt den xii γ d abge
3363 1304 4456 1433 losts purkrechts so der Epishauser
3372 1394 4981 1528 hat Ingenomen ꞩ xxviii γ ii d
