5354 3713
852 626 2506 749 Item Thoman wild auf Zwen Zufussen vi γ Lx d
974 731 1972 816 vnd auf den lesten soldner den man
963 781 2512 909 fur In Hinaus geschikt hat i γ iiii s d
874 896 2108 1004 Item Maister Hanns Zeller die lesten funf
957 946 2534 1078 wochen auf ain Zefussen iii γ xxx d
897 1076 2554 1184 Item Caspar Fleischakcher fünf wochen iii γ xxx d
879 1175 1995 1271 Item Hanns Puchspawm von des ersten
1016 1215 2513 1341 Soldner wegen i γ iiii s d
968 1321 2502 1434 vnd auf den lesten soldner Zerossen i γ iiii s d
863 1431 2506 1530 Item pracher hueter die lesten drey wochen i γ vii s d
875 1519 1907 1625 Item Iorg Zehentner auf ain Zefuss
993 1573 2502 1688 dreitzehen wochen v γ xxx d
876 1696 2014 1805 Item vlreich Gundloch auf ain Zufuss
1009 1735 2508 1879 funf wochen iii γ xxx d
886 1873 2532 1992 Item Niclas Teschler auf ain Zufuss viii γ xxx d
1008 1970 1340 2051 xiii wochen
872 2027 2462 2131 Item Hanns Gerß iiii s xv d
867 2130 2022 2255 Item Knödel Fürman auf die lesten funf
967 2156 2437 2319 wochen per Restat viiii s d
851 2298 2434 2412 Item Peter Alhartinger xiii s d
867 2406 2537 2509 Item Michel Merestorffer ii γ iiii s d
839 2503 2524 2601 Item Michel Scher Fleischakher ii γ iiii s d
864 2591 1909 2694 Item lucas hulber auf ain Zefussen
937 2644 2522 2779 viiii wochen v γ v s d
3248 609 4826 725 Item auf vlreichen vochter viiii s d
3267 701 4889 846 Item auf Cristan wissinger viiii γ iii s d
3298 1453 4450 1630 Sum des ausstands ettlicher person
3359 1598 4722 1753 fur Ir söldner fur Galitz ꞩ C xliiii γ xv d
