5355 3655
774 476 2094 725 Innemen aus hern Fridr
848 685 1927 823 von Gors Geschefft armen Iunkfraun
775 932 2036 1038 Irem von Vlreichen Hirssawer Statschreiber
833 1031 2037 1117 zu Wienn von der bestantgueter wegen So
849 1071 2375 1209 er Innhat ainen Iardinst xxii γ d
752 1609 2077 1815 Item von den weingerten
788 1806 2069 1961 Zu Grintzing die von
892 1949 2028 2036 Steffans langen seligen gut gekaufft
906 2031 2073 2124 vnd hern Oswalten Reicholf verlassen sind
892 2065 2455 2206 ainen Iardinst ut litera vi γ iiii s d
3254 549 4520 850 Vermerkt was wir
3416 763 4731 961 daz Iar entlehents guts
3386 933 4573 1127 haben Ingenomen
3276 1184 4503 1304 Item von hern Micheln Harrasser darumb er
3411 1293 4560 1381 xxviii vngrischer guldein Ierlicher gult
3415 1367 4501 1470 auf der Stat kaufft hat dcc guldein
3415 1450 4842 1589 ut litera yeden guldein per i γ d ꞩ vii γ d
3266 1602 4432 1732 Item von Giligen waldner vnd Steffan
3385 1704 4476 1810 Püsenperger Zingiesser die herkomen
3399 1786 4488 1891 sind von Iacobs Straiffings Haws am
3393 1866 4568 1981 alten Rossmarkt gelegen darumb die pruder
3388 1953 4518 2069 schafft vnser frann Zech xlii vngrischer
3390 2040 4495 2152 guldein Ierlicher gult auf der Stat ge
3403 2099 4847 2210 kaufft hat ut litera xiii c γ d
