<?xml version="1.0" encoding="UTF-8" standalone="yes"?>
<PcGts xmlns="http://schema.primaresearch.org/PAGE/gts/pagecontent/2013-07-15">
    <Metadata>
        <Creator>prov=READ-COOP:name=PyLaia@TranskribusPlatform:version=2.33.0:model_id=421541:lm=provided:date=30_10_2025_10:06</Creator>
        <Created>2025-09-15T10:10:39.218+02:00</Created>
        <LastChange>2025-10-31T12:12:27.433+01:00</LastChange>
        <TranskribusMetadata docId="10651901" pageId="102981400" pageNr="11" status="GT" userId="261754" imgUrl="https://files.transkribus.eu/Get?id=DOBYXPOWBTKPVGULDQHOJDCS&amp;fileType=view" imageId="86352130"/>
    </Metadata>
    <Page imageFilename="102981400.tif" imageWidth="5368" imageHeight="3707">
        <TextRegion id="region_153683707" custom="readingOrder {index:0;}">
            <Coords points="0,0 2684,0 2684,3707 0,3707"/>
            <TextLine id="tl_1760427905" custom="readingOrder {index:0;} unclear {offset:15;length:4;}">
                <Coords points="2351,654 2347,623 2324,615 1529,619 1166,631 927,626 873,633 855,642 853,711 862,722 884,726 1280,727 1881,709 2107,713 2279,710 2328,705 2344,699 2350,687"/>
                <Baseline points="853,699 2351,699"/>
                <TextEquiv>
                    <Unicode>Item Iudenmair Zins Moltwurm iii s d</Unicode>
                </TextEquiv>
            </TextLine>
            <TextLine id="tl_1760427914" custom="readingOrder {index:1;} unclear {offset:25;length:4;}">
                <Coords points="2344,746 2338,722 2307,714 2132,719 1781,713 1368,722 1240,729 931,729 868,738 866,800 879,807 925,808 1194,807 2304,785 2328,777"/>
                <Baseline points="866,782 2332,782"/>
                <TextEquiv>
                    <Unicode>Item Erhart von Kindberg Zins Mulleitter vii s d</Unicode>
                </TextEquiv>
            </TextLine>
            <TextLine id="tl_1760427907" custom="readingOrder {index:2;} unclear {offset:20;length:5;}">
                <Coords points="2323,806 2302,797 2103,802 1564,801 1196,814 926,816 859,829 854,835 855,887 869,893 1488,888 1760,877 2129,873 2274,867 2317,862 2326,855"/>
                <Baseline points="854,869 2326,869"/>
                <TextEquiv>
                    <Unicode>Item Petern Schühler Zins Hanns Part iii s d</Unicode>
                </TextEquiv>
            </TextLine>
            <TextLine id="tl_1760427911" custom="readingOrder {index:3;} unclear {offset:27;length:3;} unclear {offset:20;length:3;}">
                <Coords points="2338,895 2334,880 2271,882 2110,887 1388,890 939,901 866,913 862,920 862,970 865,977 876,981 923,985 1250,985 1360,980 1613,980 1900,968 2150,966 2344,950 2353,940"/>
                <Baseline points="862,957 2289,957"/>
                <TextEquiv>
                    <Unicode>Item Hanns Hashart Zins paul widmer x s d</Unicode>
                </TextEquiv>
            </TextLine>
            <TextLine id="tl_1760427926" custom="readingOrder {index:4;} unclear {offset:15;length:3;}">
                <Coords points="2374,984 2369,977 2352,973 2288,973 2109,986 1561,983 924,987 866,995 864,1051 872,1060 908,1064 1280,1065 1671,1058 1980,1042 2258,1040 2321,1036 2360,1026 2369,1019 2366,1000"/>
                <Baseline points="864,1042 2374,1042"/>
                <TextEquiv>
                    <Unicode>Item Gundloch Zins Wentzl prewer iiii s d</Unicode>
                </TextEquiv>
            </TextLine>
            <TextLine id="tl_1760427913" custom="readingOrder {index:5;} unclear {offset:28;length:3;}">
                <Coords points="2336,1072 2329,1063 2316,1059 1811,1059 1423,1065 1224,1073 928,1070 854,1080 850,1094 854,1124 851,1141 860,1152 913,1158 1497,1161 1882,1151 2316,1130 2329,1126 2336,1118 2331,1088"/>
                <Baseline points="850,1134 2336,1134"/>
                <TextEquiv>
                    <Unicode>Item Hanns Schuhl goltsmid Zins prugl v s d</Unicode>
                </TextEquiv>
            </TextLine>
            <TextLine id="tl_1760427920" custom="readingOrder {index:6;} unclear {offset:29;length:3;}">
                <Coords points="2346,1196 2343,1167 2321,1158 1962,1164 930,1163 857,1173 853,1180 853,1226 857,1235 866,1240 934,1249 1447,1250 1924,1230 2295,1228 2328,1225 2343,1214"/>
                <Baseline points="853,1227 2346,1227"/>
                <TextEquiv>
                    <Unicode>Item Steffan leisser pogner Zins Iäri Lx d</Unicode>
                </TextEquiv>
            </TextLine>
            <TextLine id="tl_1760427915" custom="readingOrder {index:7;} unclear {offset:14;length:4;}">
                <Coords points="2341,1269 2334,1253 2318,1248 965,1257 919,1259 864,1269 860,1275 859,1311 862,1326 871,1330 931,1334 1183,1331 1484,1335 1695,1331 1889,1320 2270,1322 2337,1314"/>
                <Baseline points="859,1311 2341,1311"/>
                <TextEquiv>
                    <Unicode>Item Tannawer Zins Iorg Hofer xxii d</Unicode>
                </TextEquiv>
            </TextLine>
            <TextLine id="tl_1760427906" custom="readingOrder {index:8;} unclear {offset:21;length:4;}">
                <Coords points="845,1335 2404,1335 2404,1423 845,1423"/>
                <Baseline points="845,1401 2404,1401"/>
                <TextEquiv>
                    <Unicode>Item Hainrich Sinauß Zins Sigl v s xii d</Unicode>
                </TextEquiv>
            </TextLine>
            <TextLine id="tl_1760427904" custom="readingOrder {index:9;} unclear {offset:19;length:4;}">
                <Coords points="842,1420 2410,1420 2410,1546 842,1546"/>
                <Baseline points="842,1513 2410,1513"/>
                <TextEquiv>
                    <Unicode>Item Hanns wienner Zins fritz mairhofer vi s x d</Unicode>
                </TextEquiv>
            </TextLine>
            <TextLine id="tl_1760427910" custom="readingOrder {index:10;} unclear {offset:0;length:5;}">
                <Coords points="1074,1899 2207,1899 2207,2066 1074,2066"/>
                <Baseline points="1074,2022 2207,2022"/>
                <TextEquiv>
                    <Unicode>Suma auf die Zufussen xxx γ iii s xv d</Unicode>
                </TextEquiv>
            </TextLine>
            <TextEquiv>
                <Unicode></Unicode>
            </TextEquiv>
        </TextRegion>
        <TextRegion id="region_253683707" custom="readingOrder {index:1;}">
            <Coords points="2684,0 5368,0 5368,3707 2684,3707"/>
            <TextLine id="tl_1760427927" custom="readingOrder {index:0;}">
                <Coords points="3256,533 3260,593 3256,636 3267,665 3257,686 3260,726 3280,746 3311,756 4632,759 4679,751 4695,736 4696,575 4689,564 4674,559 4616,560 4568,570 4457,581 4403,571 4356,555 4267,549 4146,571 4083,573 4041,570 3916,542 3832,539 3680,563 3641,561 3568,547 3484,494 3475,471 3356,474 3282,495"/>
                <Baseline points="3256,689 4696,689"/>
                <TextEquiv>
                    <Unicode>Ausgelichen gelt nach</Unicode>
                </TextEquiv>
            </TextLine>
            <TextLine id="tl_1760427918" custom="readingOrder {index:1;}">
                <Coords points="3332,753 4658,753 4658,925 3332,925"/>
                <Baseline points="3332,882 4658,882"/>
                <TextEquiv>
                    <Unicode>Geschefft des Rats So</Unicode>
                </TextEquiv>
            </TextLine>
            <TextLine id="tl_1760427916" custom="readingOrder {index:2;}">
                <Coords points="3355,933 3355,994 3360,1001 3376,1006 3784,1024 3873,1033 4086,1037 4579,1034 4619,1031 4649,1019 4657,1006 4672,942 4666,933 4622,929 3370,924 3359,926"/>
                <Baseline points="3355,1008 4640,1008"/>
                <TextEquiv>
                    <Unicode>wir auf vnser Innemen legen als hernach</Unicode>
                </TextEquiv>
            </TextLine>
            <TextLine id="tl_1760427919" custom="readingOrder {index:3;}">
                <Coords points="3355,1006 3837,1006 3837,1146 3355,1146"/>
                <Baseline points="3355,1111 3837,1111"/>
                <TextEquiv>
                    <Unicode>geschriben stet</Unicode>
                </TextEquiv>
            </TextLine>
            <TextLine id="tl_1760427908" custom="readingOrder {index:4;}">
                <Coords points="4471,1207 4465,1196 4431,1190 4089,1188 3975,1191 3815,1215 3641,1222 3464,1210 3291,1206 3276,1209 3272,1215 3274,1275 3281,1284 3332,1297 3701,1300 3945,1288 4259,1291 4426,1298 4452,1296 4469,1285"/>
                <Baseline points="3272,1272 4471,1272"/>
                <TextEquiv>
                    <Unicode>Vonersten auf Maister Hannsen vberleger</Unicode>
                </TextEquiv>
            </TextLine>
            <TextLine id="tl_1760427928" custom="readingOrder {index:5;}">
                <Coords points="4963,1315 4957,1290 4936,1280 4876,1274 4747,1273 4529,1287 3980,1291 3375,1305 3328,1315 3327,1375 3333,1383 3398,1391 4099,1394 4428,1376 4933,1377 4960,1365"/>
                <Baseline points="3327,1363 4963,1363"/>
                <TextEquiv>
                    <Unicode>So er der Stat schuldig ist ut litera xl γ d</Unicode>
                </TextEquiv>
            </TextLine>
            <TextLine id="tl_1760427922" custom="readingOrder {index:6;}">
                <Coords points="4485,1424 4483,1417 4472,1410 4426,1405 4203,1407 4092,1414 3865,1419 3638,1413 3455,1428 3343,1422 3297,1427 3284,1433 3283,1500 3285,1511 3292,1520 3321,1525 3824,1525 3941,1513 4029,1509 4429,1510 4463,1506 4480,1498 4484,1480"/>
                <Baseline points="3283,1495 4485,1495"/>
                <TextEquiv>
                    <Unicode>Item auf hern Sigmunden von Eberstorf</Unicode>
                </TextEquiv>
            </TextLine>
            <TextLine id="tl_1760427923" custom="readingOrder {index:7;} unclear {offset:13;length:2;}">
                <Coords points="4471,1532 4468,1519 4454,1513 3966,1513 3813,1526 3647,1523 3569,1527 3435,1526 3382,1533 3372,1539 3366,1555 3376,1576 3379,1600 3397,1608 3574,1608 3802,1619 4096,1618 4203,1611 4428,1606 4454,1599 4465,1586 4470,1572"/>
                <Baseline points="3366,1591 4471,1591"/>
                <TextEquiv>
                    <Unicode>So er an den cc guld per restat der Stat</Unicode>
                </TextEquiv>
            </TextLine>
            <TextLine id="line_1760544502704_12995" custom="readingOrder {index:8;}">
                <Coords points="3378,1607 4460,1586 4621,1526 5089,1527 5100,1536 5106,1582 5104,1616 5097,1627 5079,1634 3901,1700 3378,1700"/>
                <TextEquiv>
                    <Unicode>noch schuldig ist Lxxxiii γ vi s d</Unicode>
                </TextEquiv>
            </TextLine>
            <TextLine id="tl_1760427909" custom="readingOrder {index:9;}">
                <Coords points="4421,1721 4419,1713 4409,1706 4376,1701 4134,1694 3836,1695 3451,1711 3354,1711 3313,1719 3302,1727 3301,1791 3306,1801 3498,1798 3888,1801 3974,1795 4397,1794 4420,1786"/>
                <Baseline points="3301,1772 4421,1772"/>
                <TextEquiv>
                    <Unicode>Item auf Iörgen Epishauser fur den lehen</Unicode>
                </TextEquiv>
            </TextLine>
            <TextLine id="tl_1760427929" custom="readingOrder {index:10;}">
                <Coords points="4952,1806 4948,1785 4936,1780 4841,1779 4497,1796 3523,1793 3448,1798 3425,1808 3431,1866 3483,1886 3579,1892 3782,1890 3871,1900 3940,1901 4099,1891 4339,1886 4484,1866 4699,1874 4929,1872 4951,1860"/>
                <Baseline points="3425,1869 4952,1869"/>
                <TextEquiv>
                    <Unicode>Holtzer so er auf sich genom hat xx γ d</Unicode>
                </TextEquiv>
            </TextLine>
            <TextLine id="tl_1760427925" custom="readingOrder {index:11;}">
                <Coords points="3286,1930 3290,1974 3286,2003 3288,2011 3433,2012 3502,2005 3817,1992 3903,1992 4009,1999 4382,1994 4396,1991 4399,1985 4399,1939 4396,1932 4389,1928 4354,1922 4221,1914 4021,1912 3941,1918 3853,1919 3708,1907 3588,1912 3336,1913 3294,1920"/>
                <Baseline points="3286,1985 4399,1985"/>
                <TextEquiv>
                    <Unicode>Item auf Thoman Trager vnd seiner</Unicode>
                </TextEquiv>
            </TextLine>
            <TextLine id="tl_1760427917" custom="readingOrder {index:12;}">
                <Coords points="3419,2019 3420,2049 3424,2059 3420,2067 3421,2073 3428,2079 3466,2090 3587,2090 3776,2079 3893,2082 3960,2078 4325,2079 4396,2075 4406,2071 4408,2067 4408,2024 4398,2013 4356,2003 4318,2004 4252,1997 3468,1997 3430,2002 3425,2005"/>
                <Baseline points="3419,2066 4408,2066"/>
                <TextEquiv>
                    <Unicode>Hausfraun die Im des Lv ten Iars</Unicode>
                </TextEquiv>
            </TextLine>
            <TextLine id="tl_1760427912" custom="readingOrder {index:13;}">
                <Coords points="4419,2121 4416,2097 4413,2094 4372,2083 4221,2080 3940,2082 3602,2091 3545,2090 3485,2095 3445,2104 3439,2110 3439,2159 3444,2167 3456,2169 3756,2169 3945,2161 4077,2168 4177,2168 4236,2160 4393,2150 4416,2143"/>
                <Baseline points="3439,2146 4419,2146"/>
                <TextEquiv>
                    <Unicode>gelihen sind worden auf Ir Haws</Unicode>
                </TextEquiv>
            </TextLine>
            <TextLine id="tl_1760427924" custom="readingOrder {index:14;}">
                <Coords points="3437,2169 4463,2169 4463,2261 3437,2261"/>
                <Baseline points="3437,2238 4463,2238"/>
                <TextEquiv>
                    <Unicode>im Teuffengraben nach lautt der</Unicode>
                </TextEquiv>
            </TextLine>
            <TextLine id="line_1760544524714_13017" custom="readingOrder {index:15;}">
                <Coords points="3445,2254 4356,2262 4791,2179 4892,2191 4902,2212 4902,2256 4898,2268 4886,2275 4165,2360 3445,2360"/>
                <Baseline points="3445,2332 4165,2332 4456,2293 4902,2293"/>
                <TextEquiv>
                    <Unicode>Schotten Gruntpuch x γ d</Unicode>
                </TextEquiv>
            </TextLine>
            <TextLine id="tl_1760427903" custom="readingOrder {index:16;} unclear {offset:2;length:2;}">
                <Coords points="3403,2616 3403,2719 3408,2735 3423,2745 3481,2760 3819,2766 4732,2767 4787,2764 4798,2756 4804,2739 4802,2615 4781,2603 4732,2594 4472,2593 4104,2615 3853,2616 3714,2602 3578,2562 3472,2558 3455,2560 3423,2574 3409,2591"/>
                <Baseline points="3403,2714 4804,2714"/>
                <TextEquiv>
                    <Unicode>Suma des ausgelihen gelts C lxiii γ vi s d</Unicode>
                </TextEquiv>
            </TextLine>
            <TextEquiv>
                <Unicode></Unicode>
            </TextEquiv>
        </TextRegion>
    </Page>
</PcGts>
