5378 3694
782 344 2208 846 So legen wir auf
1174 757 2219 955 vnser Innemen
852 880 2276 1114 Remanentz auf gelten
882 1091 2164 1199 vnd Phanten So die Stewrherren aus der
881 1182 2258 1306 Stewr vert des lvi ten Iars den vordern kamrern
898 1276 2231 1406 an beraits geltz stat vnd Sy vns darnach ha
897 1356 1423 1461 bent vbergegeben
851 1463 2415 1593 Vonersten auf kuntzen Rauschenperger silberpecher iii γ d
862 1566 2419 1675 Item auf Conraten Piligreim silbrein schal vii γ d
870 1649 2443 1769 Item auf Larentzen Swab zwain pechern iii γ d
874 1726 2430 1849 Item auf Niclasen Kratzer hueter pecher v γ d
854 1814 2416 1933 Item auf Iorgen Prew Sneider silberpecher iii γ d
856 1900 2523 2030 Item auf Micheln kramer Obsser pecher ii γ iiii s d
858 1982 2452 2105 Item auf des Fuchsperger goltsmid gulden ringl iiii s d
861 2062 2441 2182 Item auf Andren Gundorffer zwain pechern xi γ d
858 2148 2436 2257 Item auf Leoppolt weissin Zwain pechern xi γ d
836 2231 2527 2343 Item auf Hannsen von Gefell silberpecher iii γ iiii s d
831 2311 2508 2434 Item auf Thoman Klenperger silbergürtl vi γ iiii s d
859 2388 2431 2512 Item auf linharten dawher mundlaten pecher ii γ d
836 2471 2435 2598 Item auf der perleinfrewtterin vergulten kophl xiiii γ d
816 2553 2505 2678 Item auf Hannsen Schühl goltsmid Ring ii γ iiii s d
825 2643 2443 2753 Item auf Pauln püchler Koch sranngurtl v γ d
825 2727 2533 2835 Item auf Herman wisner kursner pecher iii γ iiii s d
830 2811 2432 2934 Item auf Erharten von Kindberg pecher ii γ d
3275 568 4983 706 Item auf Hannsen Aschpekchen Schal v γ xxx d
3312 672 4957 796 Item auf Hannsen veller pecher i γ iiii s d
3281 751 4840 871 Item auf Iorgen Hulger sneider silbergurtl x γ d
3295 825 4519 945 Item auf Hannsen Hemerl Zwain Tamasch
3448 883 4980 993 lein Ermln iiii γ iiii s d
3305 990 4873 1101 Item auf Mertten Hertzogenperger sranngurtl vi γ d
3303 1084 4924 1192 Item auf Götfriden öler silbres paternoster iii γ lx d
3296 1170 4939 1293 Item auf Niclasen Gewsmid drin pechern xi γ lx d
3313 1249 4497 1359 Item auf kunraten Otzestorffer Kursner frawn
3376 1334 4905 1425 gürtt vnd ainer grallein paternoster v γ d
3269 1420 4987 1531 Item auf vlreichen landes Zingiesser pecher iii γ iiii s d
3296 1500 4856 1603 Item auf Hannsen Nunnenmair franngürtl x γ d
3309 1583 5006 1700 Item auf Erharten Riener slosser marisgürtl ii γ iiii s d
3315 1666 4851 1776 Item auf vlreichen Kotter pecher v γ d
3293 1751 4868 1850 Item auf vlreichs völkl fedrein Kophl iii γ d
3282 1838 5007 1940 Item auf Hannsen Herolts messrer pecher iii γ iiii s d
3283 1920 5011 2041 Item auf Klian echter silbergurtl ii γ iiii s d
3281 2010 4900 2107 Item auf Herman edlerawer guldein ring iii γ d
3299 2093 4849 2193 Item auf vlreichen Eystl guldein ring i γ d
3293 2179 4869 2295 Item auf ain Kelich von sant Yeronimus x γ d
3397 2428 4451 2600 Sum der phant aus der Stewr de
3430 2585 4395 2724 Anno Lvito  ꞩ C lxxv γ v s d
