<?xml version="1.0" encoding="UTF-8" standalone="yes"?>
<PcGts xmlns="http://schema.primaresearch.org/PAGE/gts/pagecontent/2013-07-15">
    <Metadata>
        <Creator>prov=READ-COOP:name=PyLaia@TranskribusPlatform:version=2.30.2:model_id=391557:lm=provided:date=28_08_2025_10:52</Creator>
        <Created>2025-08-28T09:09:06.012+02:00</Created>
        <LastChange>2025-09-01T11:46:59.137+02:00</LastChange>
        <TranskribusMetadata docId="10322659" pageId="102213400" pageNr="149" status="GT" userId="261754" imgUrl="https://files.transkribus.eu/Get?id=RFHVCTZYDPOGMKJARRMLIPBQ&amp;fileType=view" imageId="85724733"/>
    </Metadata>
    <Page imageFilename="102213400.tif" imageWidth="4972" imageHeight="4028">
        <TextRegion id="region_149724028" custom="readingOrder {index:0;}">
            <Coords points="0,0 2486,0 2486,4028 0,4028"/>
            <TextLine id="tl_1756368059" custom="readingOrder {index:0;}">
                <Coords points="664,643 666,756 733,775 893,781 1240,781 1295,785 2010,784 2063,772 2068,764 2068,680 2060,672 2034,667 1725,658 1540,666 1140,660 889,642 747,622 673,627"/>
                <Baseline points="664,742 2068,742"/>
                <TextEquiv>
                    <Unicode>Den 4. dito Zalte ich Hannßen Hildeprandt</Unicode>
                </TextEquiv>
            </TextLine>
            <TextLine id="tl_1756368058" custom="readingOrder {index:1;}">
                <Coords points="718,792 717,858 721,879 770,893 809,897 972,898 1279,883 1669,898 2001,896 2005,890 2005,799 1999,792 1983,789 1334,798 1244,787 1164,784 770,781 733,784"/>
                <Baseline points="717,868 2005,868"/>
                <TextEquiv>
                    <Unicode>Khirch Ambts verwaltern vber St. Catha</Unicode>
                </TextEquiv>
            </TextLine>
            <TextLine id="tl_1756368051" custom="readingOrder {index:2;}">
                <Coords points="725,930 726,989 735,994 783,1000 1002,1001 1224,1011 1352,1000 1509,1001 1640,1017 1952,1018 1971,1016 1973,953 1964,944 1906,935 1730,924 1585,902 1271,896 1173,902 1038,903 933,912 785,912 729,923"/>
                <Baseline points="725,986 1973,986"/>
                <TextEquiv>
                    <Unicode>rina Capellen Zu Haimburg weegen</Unicode>
                </TextEquiv>
            </TextLine>
            <TextLine id="tl_1756368047" custom="readingOrder {index:3;}">
                <Coords points="730,1032 732,1103 781,1114 821,1118 1229,1129 1360,1130 1497,1124 1593,1132 1896,1132 1931,1127 1946,1116 1946,1062 1941,1056 1894,1043 1789,1029 1629,1027 1507,1011 1458,1009 1218,1016 1144,1011 923,1008 779,1014 741,1021 733,1025"/>
                <Baseline points="730,1101 1946,1101"/>
                <TextEquiv>
                    <Unicode>des Zu ermelter Capellen gehörigen</Unicode>
                </TextEquiv>
            </TextLine>
            <TextLine id="tl_1756368043" custom="readingOrder {index:4;}">
                <Coords points="2073,1137 2062,1130 2007,1126 1695,1131 1475,1127 1210,1140 996,1134 760,1134 739,1141 739,1216 754,1223 798,1228 991,1237 1074,1237 1246,1228 1632,1242 2034,1241 2072,1232"/>
                <Baseline points="739,1213 2073,1213"/>
                <TextEquiv>
                    <Unicode>vnnd bey Gem. Statt angelegten Capitalß</Unicode>
                </TextEquiv>
            </TextLine>
            <TextLine id="tl_1756368062" custom="readingOrder {index:5;}">
                <Coords points="733,1271 736,1331 822,1341 1042,1346 1216,1359 1598,1359 1721,1354 1955,1358 2007,1354 2023,1346 2023,1268 2008,1259 1633,1241 1445,1241 1360,1248 1304,1248 1217,1240 1086,1240 805,1250 737,1263"/>
                <Baseline points="733,1327 2023,1327"/>
                <TextEquiv>
                    <Unicode>ain mit St. Georgii diß Iahrs verfal</Unicode>
                </TextEquiv>
            </TextLine>
            <TextLine id="tl_1756368042" custom="readingOrder {index:6;}">
                <Coords points="718,1370 720,1442 780,1452 1251,1454 1709,1476 2062,1476 2076,1471 2074,1379 2057,1369 2005,1361 1744,1355 1162,1359 790,1354 729,1359"/>
                <Baseline points="718,1444 2076,1444"/>
                <TextEquiv>
                    <Unicode>lenes Interesse benentlichen Sechtzehen</Unicode>
                </TextEquiv>
            </TextLine>
            <TextLine id="tl_1756368048" custom="readingOrder {index:7;}">
                <Coords points="736,1458 2446,1458 2446,1642 736,1642"/>
                <Baseline points="736,1596 2446,1596"/>
                <TextEquiv>
                    <Unicode>gulden rh. ut Quittung so hiebey Idest 16 f - s - d</Unicode>
                </TextEquiv>
            </TextLine>
            <TextLine id="tl_1756368049" custom="readingOrder {index:8;}">
                <Coords points="718,1885 719,1974 729,1981 770,1986 1557,1981 1657,1987 1824,1987 1931,1980 1954,1976 1959,1971 1959,1912 1954,1906 1864,1888 1725,1873 1381,1853 1031,1854 828,1843 787,1844 755,1850 731,1860 722,1870"/>
                <Baseline points="718,1951 1959,1951"/>
                <TextEquiv>
                    <Unicode>Den 28. dito Zalte ich Herrn Iohann</Unicode>
                </TextEquiv>
            </TextLine>
            <TextLine id="tl_1756368038" custom="readingOrder {index:9;}">
                <Coords points="720,2021 722,2091 781,2103 1242,2114 1320,2103 1392,2100 1530,2116 1689,2117 1787,2109 1957,2104 1975,2097 1974,2008 1960,2001 1911,1996 1491,1993 1225,2004 1058,1992 783,1991 731,2003 723,2009"/>
                <Baseline points="720,2084 1975,2084"/>
                <TextEquiv>
                    <Unicode>Khalenitsch von seinen bey Gem. Statt</Unicode>
                </TextEquiv>
            </TextLine>
            <TextLine id="tl_1756368046" custom="readingOrder {index:10;}">
                <Coords points="713,2138 714,2207 727,2213 791,2224 1215,2225 1423,2209 1586,2208 1811,2224 1914,2225 2019,2211 2023,2204 2023,2128 2019,2123 2000,2119 1766,2113 1604,2116 1487,2108 1343,2106 1210,2113 1098,2111 776,2117 723,2129"/>
                <Baseline points="713,2193 2023,2193"/>
                <TextEquiv>
                    <Unicode>anligendten Capital ain dauon verfal</Unicode>
                </TextEquiv>
            </TextLine>
            <TextLine id="tl_1756368057" custom="readingOrder {index:11;}">
                <Coords points="1984,2259 1972,2251 1926,2243 1752,2226 1435,2223 1289,2234 1106,2235 791,2247 724,2258 714,2263 712,2322 724,2330 770,2336 993,2347 1140,2345 1188,2350 1336,2350 1548,2342 1778,2341 1978,2324 1984,2320"/>
                <Baseline points="712,2316 1984,2316"/>
                <TextEquiv>
                    <Unicode>lenes Interesse benentlichen Ain</Unicode>
                </TextEquiv>
            </TextLine>
            <TextLine id="tl_1756368039" custom="readingOrder {index:12;}">
                <Coords points="2059,2347 2054,2342 2005,2334 1544,2341 1269,2355 1146,2348 785,2350 716,2363 713,2428 715,2438 722,2443 773,2453 1252,2471 1873,2469 1990,2461 2038,2454 2055,2445 2062,2434"/>
                <Baseline points="713,2436 2062,2436"/>
                <TextEquiv>
                    <Unicode>hundert Zwaintzig gulden rh. vt Quit</Unicode>
                </TextEquiv>
            </TextLine>
            <TextLine id="tl_1756368034" custom="readingOrder {index:13;}">
                <Coords points="2426,2468 2422,2456 2397,2450 2030,2453 1796,2464 1376,2469 792,2466 748,2469 727,2476 723,2548 733,2567 794,2591 891,2602 1508,2611 2212,2610 2280,2603 2346,2584 2362,2576 2374,2553 2417,2542 2425,2531"/>
                <Baseline points="723,2570 2426,2570"/>
                <TextEquiv>
                    <Unicode>tung so hiebey Idest 120 f - s - d</Unicode>
                </TextEquiv>
            </TextLine>
            <TextLine id="tl_1756368044" custom="readingOrder {index:14;}">
                <Coords points="683,2752 685,2873 694,2884 717,2894 737,2912 755,2917 898,2925 2028,2924 2074,2915 2090,2908 2097,2895 2095,2816 2086,2808 2032,2794 1917,2779 1841,2776 1451,2776 1229,2766 1005,2770 952,2760 937,2754 927,2743 898,2735 886,2723 879,2678 829,2666 779,2667 740,2678 733,2689 728,2715 693,2733"/>
                <Baseline points="683,2858 2097,2858"/>
                <TextEquiv>
                    <Unicode>Den Lesten dito Zalte ich dem Geistlichen herrn</Unicode>
                </TextEquiv>
            </TextLine>
            <TextLine id="tl_1756368053" custom="readingOrder {index:15;}">
                <Coords points="1009,3126 1013,3164 1032,3198 1787,3252 1962,3237 2032,3217 2068,3199 2077,3187 2080,3168 2080,3119 2074,3100 2031,3073 2001,3064 1933,3059 1875,3064 1769,3065 1600,3057 1556,3052 1492,3029 1447,3022 1246,3019 1063,3033 1042,3042 1027,3059 1013,3093"/>
                <Baseline points="1009,3259 2080,3259"/>
                <TextEquiv>
                    <Unicode>Lattus 136 f - s - d.</Unicode>
                </TextEquiv>
            </TextLine>
            <TextEquiv>
                <Unicode></Unicode>
            </TextEquiv>
        </TextRegion>
        <TextRegion id="region_249724028" custom="readingOrder {index:1;}">
            <Coords points="2486,0 4972,0 4972,4028 2486,4028"/>
            <TextLine id="tl_1756368064" custom="readingOrder {index:0;}">
                <Coords points="2991,629 2993,715 3050,726 3200,740 3313,742 3473,735 3606,744 3731,735 3865,740 4018,736 4244,746 4258,744 4276,739 4276,663 4257,650 3981,618 3889,616 3797,622 3527,623 3252,613 3123,613 3014,618 2997,622"/>
                <Baseline points="2991,712 4266,712"/>
                <TextEquiv>
                    <Unicode>Alberthen Alber Priestern Zu St. Stephan</Unicode>
                </TextEquiv>
            </TextLine>
            <TextLine id="tl_1756368065" custom="readingOrder {index:1;}">
                <Coords points="2991,780 2991,825 2998,833 3090,843 3313,852 3398,860 3473,859 3589,844 3731,849 3874,847 3981,859 4047,860 4231,845 4244,840 4245,776 4231,768 4133,758 3842,744 3716,741 3457,744 3374,753 3228,761 3057,764 3006,772"/>
                <Baseline points="2991,828 4245,828"/>
                <TextEquiv>
                    <Unicode>weegen der Chor Caplaney daselbst ain</Unicode>
                </TextEquiv>
            </TextLine>
            <TextLine id="tl_1756368050" custom="readingOrder {index:2;}">
                <Coords points="4230,901 4225,885 4180,874 4024,870 3904,852 3727,855 3572,852 3436,867 3255,858 3119,859 3047,866 3005,884 2997,894 2996,944 3002,954 3048,962 3592,972 3677,964 3865,960 4000,971 4167,972 4213,968 4229,960"/>
                <Baseline points="2996,942 4230,942"/>
                <TextEquiv>
                    <Unicode>auf das Monath April dauon gebiehr</Unicode>
                </TextEquiv>
            </TextLine>
            <TextLine id="tl_1756368045" custom="readingOrder {index:3;}">
                <Coords points="4305,1021 4297,1004 4234,985 4090,984 3996,975 3629,972 3474,982 3217,977 3036,991 2976,1008 2967,1018 2967,1062 2971,1067 2989,1071 3069,1077 3508,1083 3671,1080 3798,1091 4273,1091 4303,1085"/>
                <Baseline points="2967,1059 4305,1059"/>
                <TextEquiv>
                    <Unicode>endtes deputat benentlichen Vier gulden</Unicode>
                </TextEquiv>
            </TextLine>
            <TextLine id="tl_1756368056" custom="readingOrder {index:4;}">
                <Coords points="2989,1184 2996,1204 3070,1235 3147,1245 3927,1259 4172,1272 4756,1272 4783,1269 4791,1256 4791,1170 4780,1161 4244,1110 3600,1089 3061,1089 3003,1094 2992,1100"/>
                <Baseline points="2989,1224 4791,1224"/>
                <TextEquiv>
                    <Unicode>rh. ut Quittung so hiebey Idest 4 f - s - d.</Unicode>
                </TextEquiv>
            </TextLine>
            <TextLine id="tl_1756368052" custom="readingOrder {index:5;}">
                <Coords points="2922,1456 2923,1538 2932,1547 2984,1564 3320,1560 3521,1565 3617,1556 3750,1555 3904,1542 4140,1542 4158,1538 4159,1437 4127,1427 4094,1423 3953,1424 3891,1417 3753,1417 3599,1425 3476,1439 3353,1447 3251,1446 3201,1438 3143,1422 3109,1396 3106,1373 3097,1359 3076,1351 3024,1353 2972,1381 2967,1389 2963,1420 2927,1442"/>
                <Baseline points="2922,1510 4159,1510"/>
                <TextEquiv>
                    <Unicode>Den bemelten tag Zalte ich obernenten</Unicode>
                </TextEquiv>
            </TextLine>
            <TextLine id="tl_1756368055" custom="readingOrder {index:6;}">
                <Coords points="4248,1573 4232,1566 3992,1560 3742,1575 3598,1576 3503,1588 3448,1588 3366,1576 3300,1576 3144,1596 3021,1589 2987,1593 2977,1599 2975,1660 2985,1668 3058,1673 3462,1678 3552,1676 3777,1656 3947,1652 4232,1656 4243,1653 4248,1647"/>
                <Baseline points="2975,1647 4248,1647"/>
                <TextEquiv>
                    <Unicode>Herrn Alber von der ermelten Chor Ca</Unicode>
                </TextEquiv>
            </TextLine>
            <TextLine id="tl_1756368061" custom="readingOrder {index:7;}">
                <Coords points="4278,1691 4258,1678 4240,1673 4112,1660 3960,1658 3765,1664 3359,1700 3132,1694 3026,1704 3008,1711 2975,1715 2969,1724 2971,1768 3213,1789 3471,1790 3601,1785 3718,1770 3847,1761 4048,1754 4246,1756 4278,1755"/>
                <Baseline points="2969,1757 4264,1757"/>
                <TextEquiv>
                    <Unicode>plans verrichtung das auf diß Monath</Unicode>
                </TextEquiv>
            </TextLine>
            <TextLine id="tl_1756368054" custom="readingOrder {index:8;}">
                <Coords points="4287,1800 4284,1790 4262,1784 4090,1768 3777,1773 3559,1793 3362,1803 3003,1794 2954,1799 2945,1804 2944,1886 2960,1893 3003,1897 3501,1898 3727,1884 4265,1868 4286,1862"/>
                <Baseline points="2944,1864 4287,1864"/>
                <TextEquiv>
                    <Unicode>Maii dauon gebiehrendtes deputat benent</Unicode>
                </TextEquiv>
            </TextLine>
            <TextLine id="tl_1756368033" custom="readingOrder {index:9;}">
                <Coords points="2959,1886 4244,1886 4244,2044 2959,2044"/>
                <Baseline points="2959,2003 4244,2003"/>
                <TextEquiv>
                    <Unicode>lichen Vier gulden rh. ut Quittung so hiebey</Unicode>
                </TextEquiv>
            </TextLine>
            <TextLine id="tl_1756368060" custom="readingOrder {index:10;}">
                <Coords points="4805,2024 4803,2016 4792,2008 4776,2006 4735,2009 4691,2008 4643,2002 4561,1983 4535,1981 4468,1982 4310,1992 4257,1991 4180,1996 4146,1994 4059,1999 4015,2005 3996,2017 3990,2037 3990,2101 3997,2121 4006,2125 4029,2127 4769,2127 4781,2125 4788,2103 4804,2082"/>
                <Baseline points="3990,2089 4805,2089"/>
                <TextEquiv>
                    <Unicode>Idest 4 f - s - d.</Unicode>
                </TextEquiv>
            </TextLine>
            <TextLine id="tl_1756368040" custom="readingOrder {index:11;}">
                <Coords points="2915,2290 2916,2363 2924,2370 2942,2374 3121,2376 3341,2372 3540,2376 3703,2367 3912,2370 4203,2339 4205,2253 4186,2238 4133,2233 3850,2235 3743,2243 3626,2261 3428,2262 3249,2273 3148,2258 3105,2240 3098,2230 3095,2206 3089,2200 3026,2197 2990,2200 2967,2211 2958,2257 2920,2276"/>
                <Baseline points="2915,2329 4195,2329"/>
                <TextEquiv>
                    <Unicode>Den bemelten tag setze ich auch hiemit in</Unicode>
                </TextEquiv>
            </TextLine>
            <TextLine id="tl_1756368063" custom="readingOrder {index:12;}">
                <Coords points="4123,2396 4120,2387 4094,2381 3909,2386 3687,2373 3620,2373 3511,2384 3391,2380 3281,2380 3174,2386 2990,2384 2947,2392 2935,2398 2933,2474 2938,2479 2969,2484 3077,2493 3190,2494 3298,2485 3371,2484 3448,2493 3510,2494 3671,2471 4015,2462 4072,2456 4121,2446"/>
                <Baseline points="2933,2463 4123,2463"/>
                <TextEquiv>
                    <Unicode>Außgab die Ienigen der Annastasia</Unicode>
                </TextEquiv>
            </TextLine>
            <TextLine id="tl_1756368041" custom="readingOrder {index:13;}">
                <Coords points="4169,2509 4167,2502 4113,2487 4014,2476 3916,2476 3751,2494 3662,2486 3576,2486 3484,2503 3401,2496 3339,2496 3170,2513 2981,2498 2940,2502 2924,2508 2921,2584 2923,2593 2928,2596 2986,2605 3356,2606 3559,2592 3794,2585 3964,2573 4057,2571 4167,2560"/>
                <Baseline points="2921,2572 4169,2572"/>
                <TextEquiv>
                    <Unicode>Bayrin alß herrn Hannsen Vlrichen</Unicode>
                </TextEquiv>
            </TextLine>
            <TextLine id="tl_1756368037" custom="readingOrder {index:14;}">
                <Coords points="4283,2598 4275,2592 4218,2587 3781,2590 3506,2601 3356,2613 3003,2619 2937,2630 2936,2693 2947,2700 2995,2705 3151,2709 3635,2709 3903,2695 4263,2695 4283,2685"/>
                <Baseline points="2936,2677 4283,2677"/>
                <TextEquiv>
                    <Unicode>Pänder Röm. Khay. May. vnnd des Hoch</Unicode>
                </TextEquiv>
            </TextLine>
            <TextLine id="tl_1756368036" custom="readingOrder {index:15;}">
                <Coords points="2954,2709 4162,2709 4162,2856 2954,2856"/>
                <Baseline points="2954,2817 4162,2817"/>
                <TextEquiv>
                    <Unicode>Löbl. Ertzhauß Österreich Diener vnnd</Unicode>
                </TextEquiv>
            </TextLine>
            <TextLine id="line_1756370586718_1358" custom="readingOrder {index:16;}">
                <Coords points="3239,2988 3243,2986 3279,2977 3474,2965 3697,2961 3727,2964 3759,2974 3821,2978 3908,2999 3951,3003 4032,3000 4130,2978 4143,2989 4146,3003 4146,3147 4140,3162 4098,3182 3930,3178 3793,3184 3746,3193 3239,3166"/>
                <Baseline points="3239,3219 4146,3219"/>
                <TextEquiv>
                    <Unicode>Lattus 8 f - s - d.</Unicode>
                </TextEquiv>
            </TextLine>
            <TextEquiv>
                <Unicode></Unicode>
            </TextEquiv>
        </TextRegion>
    </Page>
</PcGts>
