5030 4000
796 653 2018 782 auf der Widen von denen Ienigen Da
775 781 2052 897 nieln Huetterischen hinderlassenen Erben
788 893 2035 995 angehörigen vnnd bey Gem. Statt anli
766 996 2060 1106 gendten Aintausent Zwayhundert Acht
759 1098 1998 1200 vnnd Viertzig gulden 6. s Capital ain
758 1200 1987 1308 dauon gebiehrendt halb Iähriges In
749 1306 2051 1410 teresse benentlichen Ainvnnd Dreissig
754 1405 2004 1536 gulden rh. 1 s 18 d. vermüg Quittung so
764 1528 2468 1674 hiebey Idest 31 f 1 s 18 d.
710 1853 2014 2035 Eodem dato Zalte ich dem Ehrwürdig vnd
744 2029 2075 2144 Geistlichen Herrn Albrechten Alber Prie
738 2132 1998 2242 stern vnnd Chor Caplan Zu St. Stephan
740 2229 2065 2344 ain aufs Monath Martii diß Iahr ihme
730 2341 2033 2445 deßweegen raichendt vnnd verfallene
741 2440 1993 2569 deputat benentlichen Vier gulden rh.
746 2539 2461 2706 vermüg Quittung so hiebey Idest 4 f - s - d
683 2837 1986 3004 In gleichem seint auch dem Herrn P. Al
976 3098 1952 3339 Lattus 35 f 1 s 18 d.
3097 537 4251 692 bert Wilpfenhoffer der Societet Iesu
3084 682 4251 789 Priestern vnnd Procuratorn deren
3093 790 4294 900 Profeßhauß weegen des Ienigen von
3093 891 4318 1010 Gem. Statt Monatlich aldahin gebendten
3095 1010 4320 1128 deputat oder Almosen die deßweegen
3080 1112 4258 1228 auf dis Monath April gebiehrendte
3055 1216 4368 1361 Funfftzig gulden rh. vermüg Quittung
3075 1358 4865 1528 so hiebey Idest 50 f - s - d
3014 1609 4210 1776 Den Ersten Maii bringe ich hiemit in
3040 1769 4305 1890 Außgab das Ienige dem Ehrwirdigen
3045 1875 4266 1984 Herrn Geörgen Siessen Doctor vnnd
3049 1977 4309 2099 Canonico Zu St. Stephann von Weylandt
3044 2088 4247 2209 Elisabetha Waxgiesserin Zu Gem. Statt
3022 2200 4223 2310 mit Zwayhundert funfftzig gulden ge
3009 2302 4317 2403 machten Stifftung ain dauon Ietzt Zu ver
3007 2405 4328 2509 wichenen St. Georgii verfallene halb Iähri
2999 2505 4262 2622 ge Verzünsung Benentlichen Sechs gul
2990 2612 4797 2773 den 2 s d ut Quittung so hiebey Idest 6 f 2 s - d.
2981 2796 4310 2993 Den bemelten tag Zalte ich auch nicht weniger
3223 3090 4172 3288 Lattus 56 f 2 s - d.
