4996 3972
711 703 2028 828 ligendten vnnd ermeltem Closter Zue
712 832 2066 950 gehörigen Capital ain mit 15. diß dauon
721 945 2034 1056 verfallene Quartalß Verzünßung be
709 1060 2018 1176 nentlichen fünff vnnd dreissig gulden
727 1166 2478 1345 rh. 4 s 14. d. ut Quittung so hiebey Idest 35 f 4 s 14 d.
657 1489 2055 1623 Den 30. dito Zalte ich Herrn Iohann Iacoben
724 1613 2040 1737 von Scholtzen I. V. D. vnnd Stattschreibern
742 1727 2001 1843 auch dessen frauen gemahl von ihren
734 1840 1992 1951 beeden bey Gem. Statt anligendten
724 1944 2088 2076 Zwaytausent gulden Capital ain dauon
729 2057 2050 2178 mit 26. dis Monaths vnnd Iahrs ver
709 2169 2016 2298 fallene Iahrs Verzunßung benent
719 2293 2015 2419 lichen Ainhundert Zwainzig gulden
742 2404 2461 2570 rh. ut Quittung so hiebey Idest 120 f - s - d.
665 2698 2018 2843 Den Lesten Iunii Zalte ich auch dem Ehr
750 2831 2050 2979 wirdigen Herrn P. Alberto Wilpfen
751 3067 1957 3337 Lattus 155 f 4 s 14 d.
2986 714 4239 847 hoffer der Societet Iesu Priester vnd
3007 854 4171 975 deren Profeßhauß procuratorn das
2996 965 4154 1075 von Gem. Statt aldahin auf diß
2980 1067 4210 1184 Monath raichendte deputat benent
3028 1174 4149 1313 lichen FunffZig gulden rh. vermüg
2987 1292 4775 1458 Quittung so hiebey Idest 50 f - s - d.
2931 1543 4163 1760 Den Lesten dito Zalte ich Ihr g. herrn
2955 1756 4086 1862 Burgermaister von seinen bey
2930 1858 4117 1971 Gem. Statt anligendten Aintau
2956 1970 4097 2085 sent gulden Capital ain mit 25.
2961 2081 4141 2196 diß Monath dauon verfallene halb
2982 2189 4077 2300 Iährige Interesse benentlichen
2946 2298 4114 2434 Dreissig gulden rh. ut Quittung so
2961 2421 4715 2581 hiebey Idest 30 f - s - d.
2910 2611 4158 2797 Den Lesten dito Zalte ich frauen Apolo
2944 2788 4174 2894 nia Herrn Ludwigen Prabäst Khay.
2948 2885 4180 3022 Obristen frauen gemahl von denen
3082 3093 4127 3306 Lattus 80. f - s - d.
