<?xml version="1.0" encoding="UTF-8" standalone="yes"?>
<PcGts xmlns="http://schema.primaresearch.org/PAGE/gts/pagecontent/2013-07-15">
    <Metadata>
        <Creator>prov=READ-COOP:name=PyLaia@TranskribusPlatform:version=2.30.2:model_id=391557:lm=provided:date=28_08_2025_10:52</Creator>
        <Created>2025-08-28T09:09:06.728+02:00</Created>
        <LastChange>2025-09-01T12:12:20.497+02:00</LastChange>
        <TranskribusMetadata docId="10322659" pageId="102213336" pageNr="155" status="GT" userId="261754" imgUrl="https://files.transkribus.eu/Get?id=TIRQHAOLZVGTZYYNCZZTKBOE&amp;fileType=view" imageId="85724719"/>
    </Metadata>
    <Page imageFilename="102213336.tif" imageWidth="4997" imageHeight="4005">
        <TextRegion id="region_149974005" custom="readingOrder {index:0;}">
            <Coords points="0,0 2498,0 2498,4005 0,4005"/>
            <TextLine id="tl_1756368075" custom="readingOrder {index:0;}">
                <Coords points="1974,634 1972,629 1956,623 1796,617 1663,626 1443,621 1243,638 1175,638 1019,629 832,629 788,638 778,644 775,727 777,732 788,736 830,741 1068,751 1238,752 1352,761 1757,761 1956,750 1970,746 1974,740"/>
                <Baseline points="775,725 1974,725"/>
                <TextEquiv>
                    <Unicode>Gem. Statt angelegten Zwaytausent</Unicode>
                </TextEquiv>
            </TextLine>
            <TextLine id="tl_1756368084" custom="readingOrder {index:1;}">
                <Coords points="773,772 775,848 787,854 831,860 1055,867 1440,864 1540,868 1977,866 1992,859 1992,775 1986,769 1949,764 1807,765 1652,774 1502,767 1354,767 1188,753 836,751 782,762"/>
                <Baseline points="773,838 1992,838"/>
                <TextEquiv>
                    <Unicode>gulden Capital an der füer der Uni</Unicode>
                </TextEquiv>
            </TextLine>
            <TextLine id="tl_1756368096" custom="readingOrder {index:2;}">
                <Coords points="760,880 762,949 820,960 908,969 1165,962 1318,972 1472,964 1575,973 1904,974 1949,972 1961,969 1965,964 1963,905 1915,892 1825,879 1712,877 1594,881 1488,872 1308,875 1123,868 809,867 768,872"/>
                <Baseline points="760,945 1965,945"/>
                <TextEquiv>
                    <Unicode>uersitet portion von denen Vierhun</Unicode>
                </TextEquiv>
            </TextLine>
            <TextLine id="tl_1756368101" custom="readingOrder {index:3;}">
                <Coords points="759,978 761,1050 863,1067 1024,1075 1181,1066 1228,1069 1295,1083 1352,1083 1430,1072 1523,1073 1603,1080 1755,1085 1986,1099 1986,1036 1972,1016 1918,1004 1857,997 1774,978 1658,976 1555,980 1425,973 1375,978 1357,987 1308,996 1246,991 1135,969 1065,965 814,966 773,969"/>
                <Baseline points="759,1055 1975,1055"/>
                <TextEquiv>
                    <Unicode>dert gulden verfallenen Interessen</Unicode>
                </TextEquiv>
            </TextLine>
            <TextLine id="tl_1756368073" custom="readingOrder {index:4;}">
                <Coords points="772,1105 772,1157 777,1164 821,1176 927,1190 1053,1191 1131,1182 1215,1181 1311,1199 1399,1199 1483,1188 1638,1199 1857,1199 1932,1194 1942,1189 1943,1128 1938,1117 1849,1099 1798,1094 1620,1085 1412,1083 1367,1087 1339,1095 1290,1095 1270,1086 1227,1079 1125,1078 843,1087 782,1097"/>
                <Baseline points="772,1168 1943,1168"/>
                <TextEquiv>
                    <Unicode>nochmalß denen hernach Specificir</Unicode>
                </TextEquiv>
            </TextLine>
            <TextLine id="tl_1756368085" custom="readingOrder {index:5;}">
                <Coords points="759,1202 760,1278 775,1284 826,1290 1006,1292 1134,1308 1232,1308 1296,1303 1370,1309 1481,1309 1600,1304 1685,1295 1936,1296 1951,1294 1959,1285 1958,1233 1951,1227 1896,1217 1680,1200 1481,1195 1337,1212 1181,1192 1040,1196 799,1193 768,1196"/>
                <Baseline points="759,1279 1959,1279"/>
                <TextEquiv>
                    <Unicode>ten in abschlag angehendigt worden</Unicode>
                </TextEquiv>
            </TextLine>
            <TextLine id="tl_1756368103" custom="readingOrder {index:6;}">
                <Coords points="774,1318 776,1385 823,1397 1030,1410 1242,1404 1410,1404 1480,1410 1573,1411 1976,1410 2010,1406 2010,1332 1987,1323 1938,1310 1884,1304 1702,1301 1505,1321 1431,1324 1314,1312 1173,1313 1000,1302 918,1301 816,1305 783,1310"/>
                <Baseline points="774,1382 1991,1382"/>
                <TextEquiv>
                    <Unicode>alß Christina Wernerin Khunigunda</Unicode>
                </TextEquiv>
            </TextLine>
            <TextLine id="tl_1756368091" custom="readingOrder {index:7;}">
                <Coords points="770,1423 772,1498 779,1503 840,1515 1005,1522 1201,1523 1289,1532 1388,1531 1461,1523 1609,1524 1734,1532 1919,1532 1963,1528 1972,1521 1971,1436 1958,1430 1785,1416 1606,1418 1490,1411 1216,1417 1137,1425 992,1412 824,1411 783,1415"/>
                <Baseline points="770,1501 1972,1501"/>
                <TextEquiv>
                    <Unicode>Hackhnerin Magdalenæ Höltzlin Vr</Unicode>
                </TextEquiv>
            </TextLine>
            <TextLine id="tl_1756368077" custom="readingOrder {index:8;}">
                <Coords points="756,1553 757,1615 768,1621 819,1629 958,1635 1107,1635 1296,1627 1418,1637 1953,1637 1966,1633 1966,1554 1946,1547 1811,1544 1704,1536 1435,1533 1328,1544 1195,1531 835,1528 809,1530 770,1542"/>
                <Baseline points="756,1609 1966,1609"/>
                <TextEquiv>
                    <Unicode>sula Prandtnerin Magdalenæ Gal</Unicode>
                </TextEquiv>
            </TextLine>
            <TextLine id="tl_1756368069" custom="readingOrder {index:9;}">
                <Coords points="748,1635 1948,1635 1948,1752 748,1752"/>
                <Baseline points="748,1722 1948,1722"/>
                <TextEquiv>
                    <Unicode>lin Maria Giblerin Gerkhraut Pich</Unicode>
                </TextEquiv>
            </TextLine>
            <TextLine id="tl_1756368076" custom="readingOrder {index:10;}">
                <Coords points="2010,1791 1999,1784 1656,1749 1583,1749 1491,1758 1425,1757 1360,1750 1270,1750 1149,1759 805,1753 764,1757 753,1762 752,1836 759,1843 861,1851 1253,1849 1457,1841 1771,1862 2007,1878"/>
                <Baseline points="752,1833 2010,1833"/>
                <TextEquiv>
                    <Unicode>lerin vnnd Susanna Khentzingerin</Unicode>
                </TextEquiv>
            </TextLine>
            <TextLine id="tl_1756368100" custom="readingOrder {index:11;}">
                <Coords points="1923,1909 1914,1899 1895,1896 1871,1886 1750,1864 1665,1857 1483,1853 1376,1857 1249,1855 1050,1862 837,1859 798,1864 783,1873 780,1881 780,1957 791,1966 828,1971 1151,1971 1231,1963 1296,1963 1368,1971 1419,1971 1523,1958 1620,1959 1729,1971 1882,1971 1910,1966 1918,1957"/>
                <Baseline points="780,1940 1923,1940"/>
                <TextEquiv>
                    <Unicode>alß für acht deren Ieder Dreissig</Unicode>
                </TextEquiv>
            </TextLine>
            <TextLine id="tl_1756368099" custom="readingOrder {index:12;}">
                <Coords points="779,2009 780,2054 785,2060 845,2072 958,2082 1075,2084 1231,2073 1303,2074 1376,2081 1504,2073 1627,2073 1745,2086 1908,2087 2031,2084 2037,2076 2037,2014 2028,2007 1655,1972 1235,1969 1161,1973 883,1973 828,1979 810,1990 786,1996"/>
                <Baseline points="779,2056 2037,2056"/>
                <TextEquiv>
                    <Unicode>gulden Zusamben benentlichen Zway</Unicode>
                </TextEquiv>
            </TextLine>
            <TextLine id="tl_1756368071" custom="readingOrder {index:13;}">
                <Coords points="756,2123 756,2177 763,2183 816,2190 1081,2196 1348,2210 1976,2209 1987,2207 1991,2198 1991,2122 1983,2112 1789,2097 1713,2081 1679,2078 813,2077 800,2079 766,2097 759,2106"/>
                <Baseline points="756,2176 1991,2176"/>
                <TextEquiv>
                    <Unicode>hundert Vierzig gulden rh. vermüg</Unicode>
                </TextEquiv>
            </TextLine>
            <TextLine id="tl_1756368097" custom="readingOrder {index:14;}">
                <Coords points="757,2217 756,2294 765,2313 846,2346 963,2358 1709,2386 2239,2387 2312,2380 2368,2366 2390,2350 2431,2338 2439,2321 2436,2246 2366,2231 2296,2225 1611,2220 973,2204 785,2205 766,2209"/>
                <Baseline points="756,2339 2439,2339"/>
                <TextEquiv>
                    <Unicode>Quittung so hiebey Idest 240. f - s - d</Unicode>
                </TextEquiv>
            </TextLine>
            <TextLine id="tl_1756368090" custom="readingOrder {index:15;}">
                <Coords points="756,2477 755,2540 759,2580 763,2587 812,2606 990,2600 1120,2606 1412,2600 1556,2617 1919,2618 1963,2616 1971,2610 1971,2531 1967,2527 1921,2516 1826,2503 1769,2499 1067,2488 902,2475 825,2464 762,2468"/>
                <Baseline points="755,2578 1971,2578"/>
                <TextEquiv>
                    <Unicode>So Zalte ich auch Herrn Caspar Iobsten</Unicode>
                </TextEquiv>
            </TextLine>
            <TextLine id="tl_1756368089" custom="readingOrder {index:16;}">
                <Coords points="771,2672 779,2679 949,2696 1140,2693 1358,2705 1484,2705 1732,2713 1969,2711 1971,2707 1971,2636 1967,2631 1952,2627 1601,2622 1443,2607 1322,2608 1172,2620 1022,2607 946,2606 823,2615 781,2627 773,2633"/>
                <Baseline points="771,2684 1971,2684"/>
                <TextEquiv>
                    <Unicode>des Innern Raths vnnd der Gotts</Unicode>
                </TextEquiv>
            </TextLine>
            <TextLine id="tl_1756368079" custom="readingOrder {index:17;}">
                <Coords points="746,2785 749,2790 802,2800 896,2810 1113,2810 1205,2816 1375,2815 1410,2817 1482,2830 1871,2830 1915,2826 1925,2815 1923,2743 1899,2737 1801,2728 1697,2723 1503,2722 1205,2703 1029,2712 888,2704 797,2704 754,2711 748,2715"/>
                <Baseline points="746,2796 1925,2796"/>
                <TextEquiv>
                    <Unicode>Leichnambs Bruederschafft bey St.</Unicode>
                </TextEquiv>
            </TextLine>
            <TextLine id="tl_1756368102" custom="readingOrder {index:18;}">
                <Coords points="747,2837 749,2902 807,2919 895,2932 1086,2935 1327,2930 1618,2937 1932,2935 1932,2858 1927,2853 1909,2849 1834,2847 1668,2833 1488,2838 1417,2827 1367,2824 1238,2835 795,2823 752,2828"/>
                <Baseline points="747,2907 1932,2907"/>
                <TextEquiv>
                    <Unicode>Stephann von denen aldahin geho</Unicode>
                </TextEquiv>
            </TextLine>
            <TextLine id="tl_1756368098" custom="readingOrder {index:19;}">
                <Coords points="762,2932 1954,2932 1954,3061 762,3061"/>
                <Baseline points="762,3028 1954,3028"/>
                <TextEquiv>
                    <Unicode>rigen vnnd bey Gem. Statt an</Unicode>
                </TextEquiv>
            </TextLine>
            <TextLine id="tl_1756368070" custom="readingOrder {index:20;}">
                <Coords points="995,3164 1701,3187 1703,3368 997,3345"/>
                <Baseline points="944,3314 1703,3314"/>
                <TextEquiv>
                    <Unicode>Lattus per Se.</Unicode>
                </TextEquiv>
            </TextLine>
            <TextEquiv>
                <Unicode></Unicode>
            </TextEquiv>
        </TextRegion>
        <TextRegion id="region_249974005" custom="readingOrder {index:1;}">
            <Coords points="2499,0 4997,0 4997,4005 2499,4005"/>
            <TextLine id="tl_1756368078" custom="readingOrder {index:0;}">
                <Coords points="4264,610 4260,595 4245,591 4110,599 4016,593 3923,593 3795,603 3650,608 3532,620 3276,625 3079,621 3023,639 3019,649 3019,711 3022,717 3094,729 3476,741 3622,741 3737,731 3905,725 4218,723 4252,719 4263,714"/>
                <Baseline points="3019,702 4264,702"/>
                <TextEquiv>
                    <Unicode>ligendten fünffhundert gulden Capi</Unicode>
                </TextEquiv>
            </TextLine>
            <TextLine id="tl_1756368104" custom="readingOrder {index:1;}">
                <Coords points="4260,747 4252,740 4209,735 4075,733 3716,737 3655,741 3585,752 3415,741 3284,744 3097,741 3047,749 3037,754 3036,821 3043,826 3101,833 3278,838 3425,838 3578,830 3703,842 3761,842 3875,832 4205,834 4247,829 4259,824"/>
                <Baseline points="3036,814 4260,814"/>
                <TextEquiv>
                    <Unicode>tal ain dauon mit 17. Maii diß Iahrs</Unicode>
                </TextEquiv>
            </TextLine>
            <TextLine id="tl_1756368081" custom="readingOrder {index:2;}">
                <Coords points="3044,933 3094,947 3144,952 3282,953 3414,960 3554,956 3726,960 3897,939 4150,947 4192,941 4199,933 4200,888 4195,875 4069,847 4018,841 3904,842 3769,854 3723,852 3649,842 3550,842 3403,860 3090,854 3047,861 3042,866"/>
                <Baseline points="3042,928 4200,928"/>
                <TextEquiv>
                    <Unicode>verfallenes Interesse mit fünff</Unicode>
                </TextEquiv>
            </TextLine>
            <TextLine id="tl_1756368094" custom="readingOrder {index:3;}">
                <Coords points="4189,994 4182,987 4136,975 3969,952 3881,951 3738,958 3511,958 3434,968 3394,969 3302,963 3095,962 3056,965 3046,968 3044,973 3044,1036 3051,1045 3120,1056 3227,1065 3505,1074 3933,1074 4019,1067 4167,1068 4183,1064 4188,1059"/>
                <Baseline points="3044,1041 4189,1041"/>
                <TextEquiv>
                    <Unicode>vnnd Zwainzig gulden rh. vermüg</Unicode>
                </TextEquiv>
            </TextLine>
            <TextLine id="tl_1756368072" custom="readingOrder {index:4;}">
                <Coords points="3047,1093 3046,1143 3052,1168 3095,1185 3123,1209 3204,1222 3958,1232 4234,1245 4537,1246 4775,1240 4802,1233 4810,1220 4810,1120 4803,1112 4634,1096 4503,1072 3694,1073 3116,1064 3057,1071"/>
                <Baseline points="3046,1199 4810,1199"/>
                <TextEquiv>
                    <Unicode>Quittung so hiebey Idest 25 f - s - d.</Unicode>
                </TextEquiv>
            </TextLine>
            <TextLine id="tl_1756368093" custom="readingOrder {index:5;}">
                <Coords points="4158,1396 4149,1387 4123,1382 4110,1374 4057,1367 3788,1355 3550,1354 3457,1363 3381,1377 3323,1377 3250,1367 3078,1356 3037,1358 3019,1364 3007,1387 2978,1405 2973,1427 2973,1473 2980,1485 2992,1490 3070,1497 3223,1496 3370,1481 3476,1482 3570,1475 3773,1474 3890,1483 3977,1476 4077,1474 4154,1466 4158,1461"/>
                <Baseline points="2973,1459 4158,1459"/>
                <TextEquiv>
                    <Unicode>Ingleichen bezalte ich ebengedachtem</Unicode>
                </TextEquiv>
            </TextLine>
            <TextLine id="tl_1756368095" custom="readingOrder {index:6;}">
                <Coords points="4186,1513 4183,1497 4167,1492 4029,1496 3944,1489 3846,1496 3680,1485 3469,1497 3343,1492 3236,1505 3028,1494 2984,1500 2969,1510 2967,1584 2985,1591 3168,1587 3427,1594 3642,1579 3777,1582 3858,1590 3976,1581 4166,1580 4185,1575"/>
                <Baseline points="2967,1566 4186,1566"/>
                <TextEquiv>
                    <Unicode>Herrn Iobsten von denen Zu ermel</Unicode>
                </TextEquiv>
            </TextLine>
            <TextLine id="tl_1756368067" custom="readingOrder {index:7;}">
                <Coords points="3003,1622 3003,1671 3012,1677 3173,1688 3192,1694 3267,1704 3344,1703 3424,1688 3481,1690 3554,1704 3627,1704 3664,1700 3689,1690 3744,1681 3795,1681 3871,1689 4015,1687 4196,1691 4259,1685 4263,1678 4261,1616 4253,1612 4204,1605 4005,1593 3619,1589 3440,1599 3187,1597 3057,1606 3010,1616"/>
                <Baseline points="3003,1673 4263,1673"/>
                <TextEquiv>
                    <Unicode>ter Löbl. Bruederschafft angehörigen Ain</Unicode>
                </TextEquiv>
            </TextLine>
            <TextLine id="tl_1756368087" custom="readingOrder {index:8;}">
                <Coords points="4163,1730 4152,1721 4133,1718 4115,1708 4077,1696 4038,1691 3888,1696 3812,1686 3737,1686 3677,1692 3606,1709 3571,1712 3483,1698 3434,1696 3383,1702 3362,1710 3317,1718 3267,1717 3142,1700 3059,1700 3004,1713 3001,1723 3001,1791 3017,1797 3062,1802 3196,1800 3306,1812 3431,1809 3618,1812 3758,1794 4150,1780 4163,1775"/>
                <Baseline points="3001,1779 4163,1779"/>
                <TextEquiv>
                    <Unicode>hundert gulden Capital ain dauon</Unicode>
                </TextEquiv>
            </TextLine>
            <TextLine id="tl_1756368105" custom="readingOrder {index:9;}">
                <Coords points="4171,1815 4165,1808 4114,1801 3819,1804 3590,1817 3482,1807 3436,1810 3367,1825 3327,1827 3247,1817 3075,1820 3032,1824 3017,1830 3016,1885 3026,1892 3069,1902 3137,1911 3386,1912 3478,1908 3667,1911 3903,1899 3985,1901 4102,1911 4166,1909 4172,1901"/>
                <Baseline points="3016,1882 4172,1882"/>
                <TextEquiv>
                    <Unicode>verfallenes Interesse benentlichen</Unicode>
                </TextEquiv>
            </TextLine>
            <TextLine id="tl_1756368083" custom="readingOrder {index:10;}">
                <Coords points="3008,1909 4143,1909 4143,2042 3008,2042"/>
                <Baseline points="3008,2008 4143,2008"/>
                <TextEquiv>
                    <Unicode>mit fünff gulden rh. ut Quittung so</Unicode>
                </TextEquiv>
            </TextLine>
            <TextLine id="line_1756370995931_1657" custom="readingOrder {index:11;}">
                <Coords points="3020,2037 3094,2035 3317,2044 3697,2049 4096,2044 4446,2057 4567,2080 4697,2086 4720,2092 4728,2110 4728,2188 4723,2206 4699,2213 4162,2214 4013,2203 3720,2170 3458,2156 3121,2148 3063,2142 3020,2131"/>
                <Baseline points="3020,2167 4728,2167"/>
                <TextEquiv>
                    <Unicode>hiebey Idest 5 f - s - d.</Unicode>
                </TextEquiv>
            </TextLine>
            <TextLine id="tl_1756368065" custom="readingOrder {index:12;}">
                <Coords points="2941,2341 2943,2432 2999,2456 3053,2465 3362,2467 3496,2460 3595,2466 3683,2466 3830,2452 4022,2447 4106,2450 4153,2446 4171,2437 4171,2386 4163,2378 4082,2360 3935,2337 3791,2329 3576,2329 3415,2353 3315,2351 3182,2339 3161,2333 3124,2312 3117,2301 3114,2275 3107,2262 3053,2252 2992,2262 2985,2269 2977,2293 2947,2316"/>
                <Baseline points="2941,2411 4171,2411"/>
                <TextEquiv>
                    <Unicode>Den Ersten Augustii Zalte ich Herrn</Unicode>
                </TextEquiv>
            </TextLine>
            <TextLine id="tl_1756368074" custom="readingOrder {index:13;}">
                <Coords points="4124,2483 4118,2474 4011,2461 3763,2464 3649,2474 3572,2466 3526,2466 3481,2470 3440,2479 3394,2478 3272,2464 3120,2467 3018,2462 2984,2465 2967,2474 2963,2488 2965,2544 2974,2549 3013,2558 3075,2562 3385,2570 3541,2570 3774,2560 3906,2567 4007,2550 4118,2540 4124,2535"/>
                <Baseline points="2963,2542 4124,2542"/>
                <TextEquiv>
                    <Unicode>Doct. Mannagetha auß Weyl. der</Unicode>
                </TextEquiv>
            </TextLine>
            <TextLine id="tl_1756368068" custom="readingOrder {index:14;}">
                <Coords points="4186,2562 4172,2556 4139,2556 3924,2571 3784,2569 3594,2576 3494,2583 3423,2593 3275,2589 3152,2594 3079,2584 3026,2582 2965,2599 2961,2610 2961,2642 2964,2653 2972,2658 3024,2670 3092,2666 3354,2666 3451,2679 3502,2680 3565,2679 3629,2666 3724,2661 4081,2662 4182,2650 4186,2645"/>
                <Baseline points="2961,2649 4186,2649"/>
                <TextEquiv>
                    <Unicode>Frantz Emerichischen Stifftung verfal</Unicode>
                </TextEquiv>
            </TextLine>
            <TextLine id="tl_1756368066" custom="readingOrder {index:15;}">
                <Coords points="4121,2710 4117,2702 4072,2692 3944,2671 3897,2668 3630,2669 3589,2675 3571,2684 3547,2688 3531,2695 3489,2699 3428,2695 3350,2679 3260,2675 3189,2679 3110,2691 3019,2690 2976,2700 2961,2710 2961,2752 2968,2757 3010,2763 3200,2776 3288,2778 3379,2790 3631,2790 3758,2772 3923,2768 4119,2752"/>
                <Baseline points="2961,2758 4121,2758"/>
                <TextEquiv>
                    <Unicode>lenen Interessen Zuhandten Anna</Unicode>
                </TextEquiv>
            </TextLine>
            <TextLine id="tl_1756368088" custom="readingOrder {index:16;}">
                <Coords points="4164,2791 4146,2783 4017,2793 3836,2783 3761,2787 3690,2802 3646,2806 3542,2802 3427,2813 3378,2813 3176,2791 3042,2788 2990,2796 2988,2867 2998,2873 3176,2893 3464,2892 3547,2882 3638,2877 4135,2875 4157,2872 4164,2867"/>
                <Baseline points="2988,2864 4164,2864"/>
                <TextEquiv>
                    <Unicode>Khauffmanin Armen dienstmagt</Unicode>
                </TextEquiv>
            </TextLine>
            <TextLine id="tl_1756368092" custom="readingOrder {index:17;}">
                <Coords points="4191,2885 4182,2874 4140,2890 3983,2884 3618,2884 3544,2889 3431,2906 3203,2908 3042,2897 2996,2902 2982,2909 2981,2982 2991,2989 3023,2992 4034,2992 4117,2988 4158,2982"/>
                <Baseline points="2981,2965 4159,2965"/>
                <TextEquiv>
                    <Unicode>ihr von ainem Löbl. Statt Rath mit</Unicode>
                </TextEquiv>
            </TextLine>
            <TextLine id="tl_1756368080" custom="readingOrder {index:18;}">
                <Coords points="2978,2999 4190,2999 4190,3130 2978,3130"/>
                <Baseline points="2978,3095 4190,3095"/>
                <TextEquiv>
                    <Unicode>gnaden Zu ainer Hauß Steur ver</Unicode>
                </TextEquiv>
            </TextLine>
            <TextLine id="line_1756371007352_1674" custom="readingOrder {index:19;}">
                <Coords points="3138,3214 3144,3212 3237,3203 3511,3198 3580,3202 3661,3219 3732,3222 3895,3194 4033,3211 4163,3206 4178,3217 4179,3354 4172,3366 4151,3375 4130,3391 3826,3405 3155,3361 3137,3351"/>
                <Baseline points="3138,3410 4179,3410"/>
                <TextEquiv>
                    <Unicode>Lattus 30. f - s - d.</Unicode>
                </TextEquiv>
            </TextLine>
            <TextEquiv>
                <Unicode></Unicode>
            </TextEquiv>
        </TextRegion>
    </Page>
</PcGts>
