4917 4003
698 650 1967 793 schlag Canonico Zu St. Stephann die von
703 791 1959 911 Weyl. Dorothea Palhaimberin vnd
701 911 1951 1025 Hannßen Hagman Zu ainem Stifft
705 1022 1939 1143 angelegten FunffZig gulden Capital
701 1137 1989 1240 ain mit St. Georgi diß Iahrs dauon
691 1239 2018 1368 gebiehrendte gantze Iahrs VerZünsung
695 1362 1959 1501 benentlichen Zween gulden rh. 4 s. ut
688 1480 2408 1687 Quittung so hiebey Idest 2 f 4 s - d
638 1857 2017 2023 Den 19. dito Zalte ich Herrn Cristophero
697 2006 1990 2131 Statzen Priester vnnd Leuiten Zu St. Ste
704 2119 1971 2228 phann weegen des Beneficium ad
709 2222 2028 2353 Saluatorem das Zu Ietzt H. Phingsten ver
706 2338 1969 2482 fallene Quartal benentlichen Sechs
715 2462 2025 2611 vnnd Funff Zig gulden rh. vermüg Quit
697 2592 2379 2777 tung so hiebey Idest 56 f - s -
696 2818 2041 3039 Eodem dato Zalte ich ebengedachten herrn
895 3111 1945 3376 Lattus 58. f 4 s - d.
2877 657 4129 791 Statzen weegen des Beneficium S. S.
2877 792 4184 912 Trinitatis das Ietzt Zu Heilligen Pfüng
2893 904 4126 1024 sten dauon gebiehrendte deputat Be
2879 1018 4220 1146 nentlichen Zwainzig gulden rh. vermüg
2917 1130 4747 1300 Quittung so hiebey Idest 20 f - s - d.
2839 1417 4196 1595 Den 22. dito Zalte ich Herrn Iohann Beug
2879 1585 4232 1696 ger Chormaistern Zu St. Stephann weegen
2885 1683 4191 1794 des Beneficium B. M. V. so man sonsten
2890 1787 4154 1901 die Matur nennet das Iegt dauon
2881 1889 4282 2016 verfallene Phüngsten Quartal benent
2897 2004 4140 2149 lichen Siben gulden 2. s ut Quittung
2878 2146 4742 2309 so hiebey Idest 7 f 2 s - d.
2815 2455 4035 2581 Den 28. dito Zalte ich der Ehrwürdig
2861 2578 4115 2687 vnnd Geistlichen frauen Regina Ob
2845 2678 4093 2794 riste des Iungfrauen Closters bey
2854 2788 4077 2924 St. Iacob von dem bey Gem. Statt
3043 3027 4134 3274 Lattus 27 f 2 s - d.
