4981 4005
779 751 2030 893 Ienigen Zu Gem. Statt Anno etc 638. durch
796 896 2006 1014 sye Zu Gem. Statt gegen Sechs Per cen
781 1013 1992 1122 to Interesse angelegten Fünfftau
769 1116 2030 1230 sent gulden Capital ain dauon mit
784 1231 1977 1342 25. diß Monath dauon verfallene
773 1345 2070 1463 halb Iährige Interesse benentlichen
777 1450 1999 1584 Ainhundert Funfftzig gulden rh. ut
784 1571 2448 1734 Quittung so hiebey Idest 150 f - s -
740 1888 1996 2042 Den Ersten Iulii Zalte ich Herrn Io
814 2038 2075 2155 hann Quithelmo Mannagetha Medie
765 2153 2043 2261 Doctorn vnnd Superintendenten vber
803 2265 1967 2374 die Frantz Emerichische Stifftung
811 2371 2028 2490 das von denen bey Gem. Statt an
791 2482 2063 2604 ligendten Emerichischen Zwaytausent
808 2597 1939 2722 gulden Capital mit Ersten Iulii
810 2718 1977 2846 diß Iahr verfallene halb Iährige
811 2843 1950 2985 Interesse benentlichen funffZig
806 2960 2450 3116 gulden rh. vermüg Quittung so hiebey 50 f - s -
961 3181 2100 3430 Lattus 200 f - s - d.
2966 600 4226 725 Den 5. dito Zalte ich Herrn Melchiorn
2981 721 4211 832 Stapfer des Aussern Raths vnnd
2995 836 4241 947 Ober Vattern bey St. Marx von denen
2993 941 4235 1063 durch Weyl. frauen Anna von Puech
3000 1053 4138 1184 haimb gebohrnen Schausich selbst Zu
2996 1179 4150 1280 Gem. Statt angelegten vnd Zu er
2983 1282 4143 1398 meltem Armen hauß verschafften
2990 1386 4168 1496 Aintausent gulden Capital das
2995 1496 4152 1609 dauon verfallene Interesse be
2973 1603 4155 1732 nentlichen FunffZig gulden rh. ut
2984 1720 4790 1898 Quittung so hiebey Idest 50 f - s - d.
2916 2013 4189 2162 Ebenmessig von denen durch Weyl.
2965 2148 4134 2281 Herrn Gabrieln Khreitzer Landt
2979 2267 4179 2399 Commentarn gestifften fünffhundert
2984 2390 4145 2502 gulden Capital das dauon gebiehr
2968 2502 4203 2611 endte Interesse benentlichen fünff
2980 2603 4170 2728 vnnd Zwainzig gulden rh. vermüg
2940 2724 4779 2899 Quittung so hiebey Idest 25 f - s - d.
3098 3051 4189 3327 Lattus 75 f - s - d.
