4996 4013
717 664 1864 790 von denen bey Gem. Statt Wienn
721 793 1875 898 gegen fünff Per cento anligendten
726 896 1902 1014 Viertausent Dreyhundert gulden
718 1014 1887 1127 Capital ain dauon verfallenes
723 1129 2004 1251 Iahrs Interesse benentlichen Zway
708 1244 1933 1374 hundert funfftzehen gulden rh. ver
709 1352 2466 1507 müg Quittung so hiebey Idest 215 f - s - d.
684 1672 1951 1830 Den Lesten dito Zalte ich Herrn Ande
707 1825 1922 1944 ren Nicolaien Diansui des Capitls
717 1944 1921 2058 Agramb Prefectus von denen bey
721 2058 1940 2176 Gem. Statt anligendten vnnd besag
709 2167 1919 2294 ten Capitl Zu gehörigen Capital ain
726 2287 1906 2417 dauon gebiehrendtes halb Iähriges
724 2413 1931 2526 Interesse benentlichen Ainhundert
728 2524 1948 2672 Zwaintzig gulden rh. ut Quittung so
734 2635 2464 2792 hiebey Idest 120 f - s - d
719 2833 1903 3028 Den bemelten tag Zalte ich dem Ehr
894 3105 1969 3364 Lattus 335 f - s - d.
3040 613 4281 726 wirdig vnnd Geistlichen Herrn P. Alber
3044 730 4273 843 t Wilpfenhoffer des Profeßhauß Procu
3035 844 4279 941 ratorn das Ienige von Gem. Statt auf
3043 936 4255 1047 diß Monath Zu ainem Allmosen alda
3029 1042 4369 1149 hin raichendte deputat benentlichen funff
3036 1139 4838 1295 Zig gulden rh. ut Quittung so hiebey Idest 50 f - s - d.
2996 1534 4229 1669 Den 4. Appril Zalte ich dem Ehrwirdig
3021 1656 4212 1777 vnnd Geistlichen Herrn Casparo Gaiz
3013 1762 4213 1873 zuti Priestern vnnd Canonico Zu St. Ste
3005 1862 4268 1969 phann das Ienige weegen des vorhin
2991 1970 4189 2081 Zur Hoff Capellen gehörig gewesten
3013 2069 4267 2179 Grundtbuechs von St. Georgii 638. biß
3004 2165 4262 2283 wider St. Georgii diß Iahr gebiehrendte
3003 2268 4242 2386 gantze Iahrs deputat benentlichen Drey
3019 2376 4216 2505 hundert gulden rh. vermüg Quittung
2995 2500 4841 2632 so hiebey Idest 300 f - s - d.
2940 2746 4339 2926 Den 9. dito Zalte ich Paulln Huetter Inwohner
3302 3015 4249 3220 Lattus 350. f - s - d.
