5015 4004
748 611 2081 749 Herrn Hannsen Pramböhr des Aussern
746 745 1999 843 Raths vnnd Spitlmaistern von denen
748 843 1982 947 Ienigen weegen des vor disem in der
745 947 2003 1059 Landts Cran Ligendten vnnd Zu ermel
737 1057 1979 1179 ten Spital gehörigen Leinwath Hauß
735 1174 1977 1284 Zu Gem. Statt angelegten Aintausent
733 1272 2027 1388 gulden Capital ain dauon Zu St. Georgii
731 1383 1997 1498 dis Iahr verfallenes Iahr Iähriges In
722 1494 2007 1604 teresse benentlichen fünff vnnd Zwain
708 1586 2473 1757 tzig gulden rh. ut Quittung so hiebey Idest 25 f - s - d
676 2029 1932 2158 Deßgleichen Zalte ich gemeltem Herrn
734 2151 1972 2262 Spitlmaister von denen Peter Pfaben
722 2261 1964 2374 schwantzischen bey Gem. Statt angelegten
728 2364 1970 2478 Capital der Zwayhundert gulden daß
725 2473 1971 2584 Ietzt vergangenen 9. Martii dis Iahr
718 2580 1958 2694 verfallenes Ain Iähriges Interesse
714 2683 2016 2817 nemblichen Zehen gulden rh. ut Quittung
726 2775 2450 2940 so hiebey Idest 10 f - s - d
900 3027 1985 3231 Lattus 35 f - s - d.
3011 575 4335 727 Den 2. dito Zalte ich Herrn Geörgen Ham
3044 723 4342 836 bruner des Innern Raths vnd Verord
3034 835 4290 949 neten Verwaltern vber der Hauß Ar
3019 950 4304 1072 men Leith Laadt in abschlag der Ienigen
3026 1062 4298 1182 bey Gem. Statt anligendten vnnd in die
3025 1175 4290 1306 Anna Khönigin seel. Stifftung gehörigen
3033 1293 4284 1404 Capitallien der dauon fallendten Inte
3026 1400 4314 1530 ressen benentlichen Dreyhundert gul
3007 1522 4834 1710 den rh. ut Quittung so hiebey Idest 300 f - s - d.
2954 1900 4308 2039 Ingleichem Zalte ich mehrberierthen Herrn
2983 2030 4277 2152 Hambruner von deren bey Gem. Statt
3008 2150 4211 2274 ligendten Graff Salmischen Stifftung der
2985 2260 4293 2374 Aintausent gulden Capital ain auf diß
2975 2370 4261 2490 Iahr dauon verfallenes Interesse be
2986 2483 4260 2624 nentlichen Funfftzig gulden rh. vt Quit
2968 2605 4815 2773 tung so hiebey Idest 50 f - s - d.
3143 2965 4266 3232 Lattus 350. f - s - d.
