4968 4015
724 669 2032 805 Gem. Statt Wohl verordneten Buechhalters
729 810 2034 915 gewesten Dienern auß der Frantz Eme
712 919 2027 1042 richischen Stifftung Zu ainer Heurat Steur
711 1035 2030 1147 mit g. verwilligte Dreissig gulden rh.
715 1144 2011 1258 vermüg sein Herrn Buechhalters Inter
739 1262 2011 1370 cessional Anbringen vnnd darüber er
721 1367 1989 1497 uolgten bericht vnnd darauf gestelten
695 1479 2443 1648 Quittung so hiebey Idest 30 f - s - d.
692 1820 2038 1972 Den bemelten tag Zalte ich N. denen herrn
712 1954 1974 2088 Paullinern in der Neustat von ihren
715 2076 2094 2201 bey Gem. Statt anligendten Zwaytausent
716 2180 2069 2311 gulden Capital ain mit abstehendten dato
716 2305 1995 2423 dauon verfallenes ain Iähriges Inte
722 2422 1977 2546 resse benentlichen Ainhundert fünff
719 2540 2016 2682 vnnd Zwaintzig gulden rh. ut Quittung
727 2665 2434 2810 so hiebey Idest 125 f - s -
715 2885 2051 3057 Den Ersten Iunii Zalte ich dem Ehrwierdig
966 3197 2037 3443 Lattus 155 f - s - d.
2987 608 4224 737 vnnd Geistlichen Herrn P. Alberto Wilp
2977 734 4266 851 fenhoffer der Societet Iesu Priester vnd
2993 846 4175 953 Procuratorn daselbsten das Ienige
2975 950 4217 1063 von Gem. Statt auf diß abgewichene
2956 1059 4229 1176 Monath Maii gebiehrendte oder raichen
2972 1168 4230 1288 de deputat benentlichen funfftzig gul
2962 1277 4758 1448 den rh. vermüg Quittung so hiebey Idest 50. f - s - d.
2934 1583 4203 1725 Den 3. dito Zalte ich Herrn Martin Röß
2950 1724 4266 1840 ler Pfarrern Zu St. Veit weegen der von
2958 1831 4227 1955 ermelter Pfahr Zu Gem. Statt erkhauff
2948 1945 4221 2056 ten vnnderthanen das von Michaelii 638.
2945 2047 4186 2175 biß St. Georgii diß Iahr dauon gebiehr
2959 2165 4274 2280 endte halbe Iahrs VerZünßung Benent
2915 2274 4174 2435 lichen Zwölf gulden rh. ut Quittung so
2943 2431 4787 2589 hiebey Idest 12 f - s - d.
2886 2617 4151 2816 Den 14. dito Zalte ich dem Ehrwirdig
2944 2802 4183 2946 vnnd Geistlichen Herrn Stephan Zwir
3067 3044 4157 3295 Latus 62 f - s - d.
