4924 4003
703 534 1882 686 Christophen Mazar auf sein
702 689 1895 792 anbringen hiebey angeschaffte
719 663 2364 898 Sechs schilling Idest - f. 6 s d.
659 1029 1933 1224 Den 16. dito Zahlte ich gleichfalls
718 1221 1952 1318 die dem Gottfridt wiedomy auf
755 1316 1904 1408 sein Suppliciern hiebey ange
704 1314 2330 1516 schaffte Sechs schilling Idest - f. 6 s.
669 1654 1943 1882 Den 19. dito Zahlte ich dem Paul
689 1884 1887 1980 Starffen den Ihme angeschafften
745 1979 1916 2068 Einen Gulden vermög Berath
706 2063 2245 2202 schlagten anbringen hiebey Idest 1. f.
636 2467 1920 2619 Den 13. October Zahlte ich Zweyen
702 2620 1926 2721 Closter Iung frawen von Saggingen
714 2720 1916 2814 in vorter osster Reich die von Einem
715 2818 1950 2917 Löbl. Statt rath etc Ihnen angeschaffte
709 2903 1962 3003 Zween Gulden rh. vermög anbrin
712 3010 1922 3121 gen vnd darauf gestelten Quit
721 3092 2249 3215 tung hiebey Idest 2.  f.
839 3298 2250 3576 Latus 4. f 4. s d
2865 438 4148 648 Eodem die Zahlte ich auch die der
2951 647 4117 743 Anna Maria Immerreichin ange
2910 736 4141 838 schafften Ainen Gulden ut anbringen
2932 829 4479 960 hiebey Idest 1. f.
2869 1040 4066 1225 Den 31. dito Zahlte ich dem Franz
2912 1222 4106 1315 Petrizi die Ihme auf sein anbrin
2930 1317 4065 1410 gen hiebey angeschaffte Sechs
2906 1400 4606 1540 schilling Idest f. 6 s.
2839 1640 4129 1780 Den 21. Nouember Zahlte ich dem
2869 1777 4115 1870 Bartholome Schauffler vnd Franz
2916 1867 4127 1951 Nicola Schermesser den von Einem
2913 1946 4125 2039 Löbl. Stattrath etc Ihnen angeschafften
2943 2027 4135 2144 Einen Gulden vermög anbringen
2920 2116 4135 2234 vnd darauf gestelten Quitung hie
2940 2233 4451 2371 bey Idest 1. f.
2852 2420 4150 2620 Den 22. dito Zahlte ich dem Mathia
2907 2617 4132 2709 Engl vnd Iohann Lang die Ihnen an
2909 2702 4136 2789 geschaffte Zween Gulden ut anbrin
2911 2789 4097 2893 gen vnd darauf gestelten Quit
2912 2881 4477 3011 tung hiebey Idest 2. f.
2971 3100 4567 3333 Latus 4. f. 6. s - d
