4931 3985
716 449 1950 669 Den 5. Iulii Zahlte ich dem Iohann
757 661 1965 756 franz Robali den von Einem Löbl.
739 754 1960 852 Stattrath etc Ihme angeschafften Ainen
737 852 1978 936 Gulden vermög anbringen vnd da
764 943 1896 1046 rauf gestelten Quitung hiebey
1059 989 2278 1119 Idest 1. f.
692 1250 1888 1409 Ingleichen Zahlte ich auch frawen
765 1405 1938 1495 Elisabeth Catharina Grastin von
759 1500 1925 1595 windt den Ihr angeschafften Ainen
776 1582 1958 1667 Reichs taler ut anbringen vnd da
770 1676 1887 1779 rauf gestelten Quitung hiebey
907 1715 2338 1871 Idest 1. f. 4. s.
709 2019 1959 2183 Den 7. Augusti Zahlte ich die de
746 2177 1922 2259 nen herrn B. Minoriten hinter dem
750 2262 1939 2341 Landthauß Zu Ihren Thuen geben
750 2343 1931 2429 angeschaffte Funff Gulden Vermög
735 2428 1950 2506 Berathschlagten anbringen vnd da
750 2510 1881 2616 rauf gestelten Quitung hiebey
1395 2566 2260 2688 Idest 5 f.
657 2826 1939 3008 Den 9. dito Zahlte ich auch die der
713 2996 1968 3093 Vrsula Morawrin armen wittib
756 3088 1958 3209 angeschaffte Zwelff schilling vermög
798 3238 2370 3561 Latus 7. f. 4. s d.
2915 441 4108 542 anbringen vnd darauf gestelten
2899 533 4693 675 Quitung hiebey Idest 1. f. 4. s d.
2899 767 4120 931 Den 12 dito Zahlte ich dem Iohann
2925 926 4031 1013 Rappenschildt die von Einem
2942 999 4111 1096 Löbl. Stattrath etc Ihme Zur bey
2944 1083 4167 1172 steuer für das abgeprente Gotts
2938 1172 4136 1262 hauß Lugenbarta angeschaffte
2930 1262 4110 1344 drey Gulden ut anbringen vndt
2943 1343 4096 1448 darauf gestelten Quitung hie
2940 1420 4505 1550 bey Idest 3. f.
2894 1728 4079 1858 Den 21. dito Zahlte ich Zwayen
2941 1855 4062 1936 armen Studenten die Ihnen von
2943 1939 4122 2024 Einem Löbl. Stattrath etc ange
2952 2020 4056 2111 schaffte Acht schilling auf Ihr
2953 2088 4515 2217 Suppliciern hiebey Idest 1. f.
2927 2400 4153 2565 Eodem die Zahlte ich auch die dem
2968 2561 4117 2654 Geörg Christophen Premben
2949 2651 4177 2741 angeschaffte Zwelff schilling lauth
2954 2747 4142 2845 Berathschlagten anbringen hiebey
3025 2834 4700 2966 Idest 1 f. 4. s.
2878 3001 4132 3165 Ingleichen Zahlte ich auch Einem
3025 3235 3965 3403 Latus 7. f.
