4885 3996
2819 346 3823 750 Außgab
2999 746 3972 862 auf Ambtleüth Rait
3160 853 3703 960 tungs Resst
2830 1041 4096 1166 Den 27. Maii Zahlte ich herrn Ge
2846 1161 4092 1249 örgen Stapffer der Röm. Kay.
2860 1248 4104 1333 May. Rath vnd des Innern Statt
2876 1336 4101 1424 Raths in abschlag des Ihme herrn
2882 1423 4077 1517 wegen seiner geführten Ober Cam
2887 1514 4065 1599 mer ambts Raittung von Gem.
2866 1602 4127 1706 Statt Zu bezahlen schuldig vnd ange
2858 1693 4107 1795 schafften Raithrests vermög Quitung
2867 1796 4100 1897 hiebey benentlichen Ainhundert
2848 1896 4472 2044 Gulden rh. Idest 100. f.
2814 2185 4079 2354 Den 9. Augusti Zahlte ich herrn
2844 2354 4104 2446 Geörgen Stapffer der Röm. Kay.
2842 2451 4094 2549 May. Rath vnnd des Innern Raths
2858 2554 4062 2641 in abschlag des von Einem Löb.
2858 2646 4061 2740 Stattraths wegen desen geführten
2852 2738 4081 2838 Ober Camer ambts Raittung Ihme
2853 2841 4117 2937 schuldig verpliebenen Raithrest
2856 2936 4063 3018 per f. s d. Vermög
2868 3020 4056 3135 Berathschlagten anbringen vndt
2948 3236 3666 3430 Latus per Se.
