4889 3990
690 562 1936 707 Den 27. dito Zahlte ich auch dem
723 694 1970 800 Franz Heltzl vnd Thoman Ziegler die
721 799 1993 893 Ihnen auf Ihr anbringen hiebey an
729 846 2229 997 geschaffte Zween Gulden Idest 2. f.
677 1186 1958 1332 Den 2. december Zahlte ich dem
741 1339 1922 1435 Geörgen Listl Einen armen alten
750 1428 1938 1516 von Einem Löbl. Stattrath etc ange
740 1517 1956 1605 schaffte Zween Gulden Vermög Be
790 1613 1918 1711 rathschlagten anbringen hiebey
1105 1663 2252 1804 Idest 2. f.
691 1987 1933 2125 Den 7. dito Zahlte ich Zweyen
749 2125 1962 2226 Geystlichen S. Basilii ordens ans
750 2224 2008 2321 Hungarn die von Einem Löbl. Statt
758 2320 2000 2409 rath etc Ihnen angeschaffte Zween Gulden
784 2409 1984 2508 rh. Zu Einer Pawstewr lauth be
776 2514 1902 2621 rathschlagten anbringen hiebey
857 2586 2273 2732 Idest 2 f.
735 2801 1959 2986 Den 15. Dito Zahlte ich auch Einen
780 2984 1985 3062 armen Priester nachmens Sing Erl
790 3059 2014 3143 Ainen Gulden so Ihme auf sein anbrin
781 3133 2250 3243 gen hiebey angeschafft worden Idest 1. f.
842 3343 1840 3589 Idest 7. f.
2813 456 4100 668 Ingleichen Zahlte ich auch dem Hanß
2862 664 4104 755 Geörg Pätzinger Ainen Gulden auf
2897 756 4094 856 sein Berathschlagten anbringen hiebey
2983 848 4498 955 Idest 1. f.
2871 1058 4072 1234 Den 23. dito Zahlte ich auch die dem
2891 1230 4045 1323 Ehrwirdigen Herrn P. Annastasio a
2901 1322 4013 1395 S. Iosepho Carmeliter ordens von
2909 1399 4021 1477 Rotenburg am Regger die Zuer
2913 1477 4096 1572 bawung Ihres abgebrenten Closters
2904 1568 4064 1655 angeschaffte Beyhilff Benentlichen
2895 1650 4037 1736 Sechs Gulden ut anbringen vndt
2904 1740 4074 1849 darauf gestelten Quitung hiebey
3056 1854 4397 1996 Idest 6. f.
2996 2644 4002 3070 Latus 7 f.
