4916 4011
751 542 2002 671 Erzbischoffen aus Arimenien namens
778 662 1994 756 Ciriacuz die von Einem Lobl. Statt
788 750 1957 845 nath etc angeschaffte Zween Gulden
779 849 2001 929 vermög Berathschlagten anbringen
784 934 1972 1042 mit vberschriebener handtschrifft
776 999 2268 1128 hiebey Idest 2. f.
725 1239 1956 1422 Den 29. dito Zahlte ich auch die
768 1415 1991 1510 von Einem Löbl. Stattrath etc den
749 1513 1942 1605 Martin Schinschalchen angeschaffte
750 1594 1971 1684 Zween Gulden ut Anbringen vndt
751 1689 1995 1803 darauf gestelten Quitung hiebey
817 1777 2276 1901 Idest 2. f.
728 2012 1970 2142 Ebenfalls Zahlte ich auch die dem
721 2137 1982 2232 Stanißlao Sebastiano de biato Para
710 2226 1980 2321 domis Ki Einem Pollnischen Edlman
747 2315 1951 2406 vnd Phil. Mag. von Einem Löbl.
731 2403 1965 2496 Stattrath etc angeschaffte Zween Gul
730 2490 1973 2570 den vermög seines anbringens
744 2579 1927 2683 vnd darauf gestelten Quitung
749 2660 2287 2795 hiebey Idest 2. f.
650 2903 1904 3086 Ich Zahlte auch Zweyen Closter
708 3081 1921 3173 Iung frawen St Clara ordens von
727 3168 1949 3274 Villingen von Schwartzwalt die
811 3351 1817 3590 Latus 6. f.
2918 436 4103 572 Ihnen angeschaffte Zwelff schilling
2941 568 4663 729 ut anbringen hiebey Idest 1 f. 4. s d
2923 810 4173 1032 Den 29. Dito Zahlte ich dem Gott
2945 1031 4152 1128 fridt Mielhauser Ph. Mag. den
2971 1126 4171 1223 angeschafften Ainen Gulden auf
2969 1227 4447 1377 sein anbringen hiebey Idest 1. f.
2912 1469 4113 1657 Den 30. dito gleichfalls dem
2932 1657 4159 1752 Iohann Geörg Stainer Phi. Mag.
2968 1753 4197 1848 die Ihme angeschaffte drey Gul
3000 1853 4149 1933 den Vermög anbringen vnd
2972 1939 4151 2060 darauf gestelten Quitung hie
2977 2059 4473 2188 bey Idest 9. f.
2901 2303 4167 2468 Den 2. September Zahlte ich die
2959 2464 4180 2565 von Einem Löbl. Stattrath dem
2956 2566 4179 2666 Iacob Wenzin angeschaffte Sechs
2992 2658 4146 2755 schilling ut anbringen vnd da
2977 2756 4144 2864 rauf gestelten Quitung hiebey
3098 2847 4631 2977 Idest - f. 6 s
2903 2978 4180 3164 Den 7. dito Zahlte ich die dem
3009 3230 4410 3471 Latus 6. f. 2 s d.
