4906 3994
741 565 1909 710 Einen Gulden welcher Ihme von
761 706 1930 802 Einem Löbl. Stattrath etc auf
764 795 1977 893 beyligendes Suppliciern Zubezahlen
755 884 2238 1006 ist angeschafft worden Idest 1. f.
703 1179 1859 1361 Ingleichen Zahlte ich auch dem
755 1358 1969 1440 Simon Örl Einen Gulden Ver
771 1449 1948 1534 mög seines Berath schlagten an
771 1498 2243 1625 bringens hiebey Idest 1 f.
748 1755 1948 1880 Ebenmessig Zahlte ich auch Geörgen
758 1873 1927 1961 Premben Ray Rithmaister die
755 1963 1910 2059 Ihme angeschaffte Zwelff schilling
769 1974 2291 2156 ut anbringen hiebey Idest 1. f 4 s
673 2252 1968 2415 Gleichfalls Zahlte ich auch der Euphro
775 2414 1953 2505 sina Simonin die Ihr angeschaffte Acht
768 2502 1983 2602 schilling lauth berathschlagten anbrin
771 2536 2287 2685 gen hiebey Idest 1- f.
762 2784 1969 2961 Den 29. dito ist auch dem Michael
784 2951 1953 3051 Restner Diacono angeschafften Ainen
781 3047 1991 3156 Gulden auf sein anbringen hiebey
802 3109 2278 3262 bezahlt worden Idest 1. f.
809 3377 2070 3619 Latus 5. f. 4 f
2847 379 4102 536 Ich Zahlte auch die von Einem Löbl.
2897 534 4097 618 Stattrath etc dem Iacob Iohann Singer
2928 612 4080 697 angeschaffte Zwelff schilling Ver
2942 693 4052 792 mög seines anbringens hiebey
3387 767 4655 910 Idest 1. f. 4. s. d.
2882 981 4085 1152 Den 6. Maii Zahlte ich dem Elia
2899 1152 4148 1245 Ianitio den von Einem Lobl. Statt
2924 1236 4218 1330 rath etc angeschafften Ainen Gulden 4 s
2927 1324 4090 1429 vermög berathschlagten anbringen
2907 1423 4496 1554 hiebey Idest 1. f. 4
2898 1669 4071 1870 Den 19. Dito Zahlte ich auch dreyen
2926 1874 4090 1969 abgebrenten burgern von Muregg
2936 1972 4084 2063 den Ihnen von Einem Löbl. Statt
2947 2063 4063 2151 rath etc angeschafften Ainen Gulden
2937 2160 4119 2261 ut berathschlagten anbringen hiebey
2996 2263 4462 2387 Idest 1. f.
2889 2493 4052 2707 Den 27. Iunii Zalte ich Frawen
2915 2706 4067 2794 Anna gebohrne von Mickhowiz
2938 2799 4049 2881 den von Einem Löbl. Stattrath
2940 2876 4113 2972 angeschafften Ainen Gulden Vermög
2932 2985 4091 3082 berathschlagten anbringen hie
2935 3082 4455 3214 bey Idest 1. f.
2919 3270 4387 3448 Latus 4. f 4. s d
