4875 3976
709 534 2032 661 seiner interims Quitung hiebey benent
735 650 2224 784 lichen Funffzig Gulden rh. Idest 50 f.
675 991 1938 1153 Den 2. vnd 16. September Zahlte
717 1152 1931 1248 ich herrn Geörgen Stapffen der
736 1219 1949 1336 Röm. Kay. May. Rath vnd des
723 1336 1911 1426 Innern Raths in abschlag des
707 1423 1985 1534 Ihme herrn schuldig vnd angeschafften
717 1532 1980 1637 Raithrests Benentlichen Zwayhun
738 1637 1989 1732 dert vnd Fünffzig Gulden Vermög
738 1736 1946 1841 dessen interims Quitung hiebey
763 1788 2253 1928 Idest 250 f.
694 2154 1986 2279 Den 4. October Zahlte ich der Röm.
738 2280 1964 2371 Kay. May. Rath wie auch des
739 2370 2051 2470 Innern Raths Herrn Geörgen Stapf
748 2471 2058 2571 fer etc in abschlag seines angeschafften
768 2568 2015 2660 Raithrests mit anhendigung Ei
796 2662 2017 2757 ner obligation auf die Niclas
789 2751 2039 2871 Englhardische stüfftung lautend
795 2875 2031 2970 gegen Quitung hiebey Benent
805 2983 2013 3096 lichen Funffhundert Gulden
836 3040 2324 3202 rh Idest 500 f.
922 3334 1960 3556 Latus 800. f.
2818 450 4095 605 Den 16. vnd 19. dito widerumben ver
2851 609 4067 698 mög Zweyer Quitungen hiebey
2925 698 4148 807 benentlichen Zwey hundert Gul
2889 816 4528 945 den Idest 200 f.
2832 1089 4140 1259 Den 24. Nouember Zahlte ich herrn
2846 1258 4110 1348 Geörgen Stapffer der Röm. Kay.
2852 1356 4126 1447 May. S. Rath wie auch des Innern
2878 1450 4083 1544 Raths in abschlag des Ihme herrn
2866 1549 4102 1641 angeschafften Raithrests gegen Quit
2869 1637 4109 1758 tung hiebey Benentlichen Funff
2862 1744 4504 1913 Zig Gulden rh. Idest 50 f.
2986 2652 4125 3136 Latus 250 f.
