<?xml version="1.0" encoding="UTF-8" standalone="yes"?>
<PcGts xmlns="http://schema.primaresearch.org/PAGE/gts/pagecontent/2013-07-15">
    <Metadata>
        <Creator>prov=READ-COOP:name=PyLaia@TranskribusPlatform:version=2.27.0:model_id=353485:lm=provided:date=17_06_2025_12:52</Creator>
        <Created>2025-06-02T09:39:06.384+02:00</Created>
        <LastChange>2025-08-29T11:42:09.202+02:00</LastChange>
        <TranskribusMetadata docId="8812020" pageId="98077684" pageNr="316" status="GT" userId="261754" imgUrl="https://files.transkribus.eu/Get?id=KBSKSFHIBSCGXQYJHTPKJGNL&amp;fileType=view" imageId="82239929"/>
    </Metadata>
    <Page imageFilename="98077684.tif" imageWidth="4891" imageHeight="3991">
        <TextRegion id="region_148913991" custom="readingOrder {index:0;}">
            <Coords points="0,0 2445,0 2445,3991 0,3991"/>
            <TextLine id="tl_1749730376" custom="readingOrder {index:0;}">
                <Coords points="691,780 697,798 705,804 741,811 1196,811 1310,802 1844,788 1903,771 1909,761 1909,741 1900,722 1881,704 1869,677 1850,664 1766,673 1677,691 1599,692 1496,685 1450,689 1367,709 1324,713 1269,713 1201,706 1131,687 1112,674 1107,667 1114,658 1112,648 1119,637 1110,602 1095,591 1093,583 1074,573 1018,554 870,551 829,555 778,585 765,611 740,635 726,695 695,733"/>
                <Baseline points="691,746 1909,746"/>
                <TextEquiv>
                    <Unicode>Den 5. Februarii Zalte ich dem</Unicode>
                </TextEquiv>
            </TextLine>
            <TextLine id="tl_1749730371" custom="readingOrder {index:1;}">
                <Coords points="1924,800 1905,794 1359,801 1121,812 759,810 715,815 711,824 713,868 718,875 773,886 1584,886 1749,880 1915,868 1925,862"/>
                <Baseline points="711,863 1925,863"/>
                <TextEquiv>
                    <Unicode>Balthasar von Abschazen die von</Unicode>
                </TextEquiv>
            </TextLine>
            <TextLine id="tl_1749730358" custom="readingOrder {index:2;}">
                <Coords points="1940,902 1917,895 1731,893 820,903 750,913 745,924 747,966 754,970 797,974 1039,975 1120,979 1356,975 1469,981 1799,980 1831,976 1921,954 1940,952"/>
                <Baseline points="745,959 1924,959"/>
                <TextEquiv>
                    <Unicode>Einem Löbl. Stattnath etc Ihme an</Unicode>
                </TextEquiv>
            </TextLine>
            <TextLine id="tl_1749730366" custom="readingOrder {index:3;}">
                <Coords points="742,1002 745,1066 756,1072 795,1075 1567,1074 1783,1064 1879,1052 1893,1048 1898,1042 1898,996 1884,988 1755,994 1583,995 1395,983 996,985 796,990 756,995"/>
                <Baseline points="742,1052 1898,1052"/>
                <TextEquiv>
                    <Unicode>geschaffte Acht schilling vermög</Unicode>
                </TextEquiv>
            </TextLine>
            <TextLine id="tl_1749730363" custom="readingOrder {index:4;} unclear {offset:19;length:3;}">
                <Coords points="1905,1082 1901,1076 1890,1073 1792,1072 1297,1087 807,1084 769,1088 756,1094 753,1101 753,1145 758,1153 787,1157 1658,1157 1727,1154 1900,1136 1905,1130"/>
                <Baseline points="753,1135 1905,1135"/>
                <TextEquiv>
                    <Unicode>berathschlagten anbringen vnd da</Unicode>
                </TextEquiv>
            </TextLine>
            <TextLine id="tl_1749730367" custom="readingOrder {index:5;}">
                <Coords points="755,1162 1864,1162 1864,1271 755,1271"/>
                <Baseline points="755,1243 1864,1243"/>
                <TextEquiv>
                    <Unicode>rauf gestelten Quitung hiebey</Unicode>
                </TextEquiv>
            </TextLine>
            <TextLine id="tl_1749730365" custom="readingOrder {index:6;}">
                <Coords points="2205,1251 2196,1231 2184,1224 2030,1243 1977,1259 1828,1272 1736,1285 1479,1299 949,1303 826,1314 782,1315 782,1321 829,1335 929,1346 1175,1357 1379,1358 1606,1352 1988,1357 2037,1352 2078,1336 2191,1304 2204,1293"/>
                <Baseline points="818,1323 2205,1323"/>
                <TextEquiv>
                    <Unicode>Idest 1. f.</Unicode>
                </TextEquiv>
            </TextLine>
            <TextLine id="tl_1749730353" custom="readingOrder {index:7;}">
                <Coords points="732,1522 734,1588 743,1595 784,1601 1339,1601 1567,1597 1794,1584 1910,1569 1924,1565 1930,1558 1929,1507 1914,1501 1478,1482 1316,1460 1169,1463 932,1455 810,1457 779,1462 763,1481 744,1490 736,1501"/>
                <Baseline points="732,1563 1930,1563"/>
                <TextEquiv>
                    <Unicode>Den 15. Dito Zalte ich auch dem</Unicode>
                </TextEquiv>
            </TextLine>
            <TextLine id="tl_1749730372" custom="readingOrder {index:8;} unclear {offset:8;length:6;}">
                <Coords points="1957,1599 1946,1592 1327,1605 778,1609 749,1616 748,1681 750,1687 758,1691 790,1695 1472,1696 1810,1689 1911,1674 1951,1664 1957,1656"/>
                <Baseline points="748,1670 1957,1670"/>
                <TextEquiv>
                    <Unicode>Geörgen Rieger Einem Ainhundert</Unicode>
                </TextEquiv>
            </TextLine>
            <TextLine id="tl_1749730361" custom="readingOrder {index:9;}">
                <Coords points="1982,1703 1978,1693 1960,1689 1775,1697 1278,1704 803,1702 763,1705 751,1710 750,1769 756,1776 911,1778 1813,1774 1974,1757 1982,1747"/>
                <Baseline points="750,1755 1982,1755"/>
                <TextEquiv>
                    <Unicode>Iahrigen Man die Ihme angeschaffte</Unicode>
                </TextEquiv>
            </TextLine>
            <TextLine id="tl_1749730355" custom="readingOrder {index:10;}">
                <Coords points="752,1780 1989,1780 1989,1866 752,1866"/>
                <Baseline points="752,1843 1989,1843"/>
                <TextEquiv>
                    <Unicode>Acht schilling vermög anbringen</Unicode>
                </TextEquiv>
            </TextLine>
            <TextLine id="tl_1749730374" custom="readingOrder {index:11;}">
                <Coords points="2234,1828 2215,1814 2161,1816 2049,1842 2003,1859 1742,1889 1526,1901 1313,1897 1072,1884 837,1884 787,1891 769,1898 763,1923 770,1934 785,1939 860,1946 1257,1953 1584,1949 1836,1972 1952,1969 2119,1943 2221,1909 2231,1903 2235,1894 2233,1873 2221,1866 2232,1853"/>
                <Baseline points="763,1931 2235,1931"/>
                <TextEquiv>
                    <Unicode>hiebey Idest 1 f.</Unicode>
                </TextEquiv>
            </TextLine>
            <TextLine id="tl_1749730342" custom="readingOrder {index:12;}">
                <Coords points="699,2169 700,2283 713,2292 762,2301 1075,2308 1638,2307 1890,2299 1947,2292 1954,2278 1953,2207 1949,2200 1935,2194 1885,2193 1771,2202 1513,2198 1350,2186 1265,2173 1034,2160 907,2134 837,2125 745,2128 706,2148"/>
                <Baseline points="699,2260 1954,2260"/>
                <TextEquiv>
                    <Unicode>Eodem die Zalte ich die dem han</Unicode>
                </TextEquiv>
            </TextLine>
            <TextLine id="tl_1749730364" custom="readingOrder {index:13;}">
                <Coords points="756,2327 757,2376 766,2385 818,2396 945,2402 1670,2404 1924,2391 1943,2387 1952,2379 1952,2325 1946,2317 1934,2314 1413,2319 892,2310 796,2313 766,2318"/>
                <Baseline points="756,2379 1952,2379"/>
                <TextEquiv>
                    <Unicode>sen Pazinger angeschaffte Vier</Unicode>
                </TextEquiv>
            </TextLine>
            <TextLine id="tl_1749730368" custom="readingOrder {index:14;}">
                <Coords points="751,2400 2004,2400 2004,2490 751,2490"/>
                <Baseline points="751,2466 2004,2466"/>
                <TextEquiv>
                    <Unicode>Gulden ut anbringen vnd darauf</Unicode>
                </TextEquiv>
            </TextLine>
            <TextLine id="tl_1749730350" custom="readingOrder {index:15;}">
                <Coords points="2269,2501 2268,2490 2260,2479 2211,2471 2082,2477 1878,2502 1304,2494 892,2499 824,2505 763,2518 758,2568 761,2590 770,2597 830,2609 1295,2616 2089,2614 2199,2596 2261,2562 2270,2542 2262,2512"/>
                <Baseline points="758,2579 2270,2579"/>
                <TextEquiv>
                    <Unicode>gestelten Quitung hiebey Idest 4 f.</Unicode>
                </TextEquiv>
            </TextLine>
            <TextLine id="tl_1749730352" custom="readingOrder {index:16;}">
                <Coords points="748,2928 754,2942 821,2956 908,2959 1639,2958 1858,2946 1981,2933 1990,2923 1990,2854 1987,2845 1968,2837 1927,2832 1861,2832 1787,2842 1687,2849 1346,2842 1215,2857 1156,2856 1073,2848 1028,2839 909,2804 855,2803 798,2815 781,2835 759,2845 751,2858"/>
                <Baseline points="748,2920 1990,2920"/>
                <TextEquiv>
                    <Unicode>Den 11. Martii Zahlte ich der Anna</Unicode>
                </TextEquiv>
            </TextLine>
            <TextLine id="tl_1749730373" custom="readingOrder {index:17;}">
                <Coords points="795,2961 1994,2963 1994,3054 795,3052"/>
                <Baseline points="795,3027 1982,3027"/>
                <TextEquiv>
                    <Unicode>Regina Forsterin den von Einem</Unicode>
                </TextEquiv>
            </TextLine>
            <TextLine id="tl_1749730370" custom="readingOrder {index:18;}">
                <Coords points="798,3053 1973,3053 1973,3147 798,3147"/>
                <Baseline points="798,3122 1973,3122"/>
                <TextEquiv>
                    <Unicode>Löbl. Stattrath etc angeschafften</Unicode>
                </TextEquiv>
            </TextLine>
            <TextLine id="tl_1749730362" custom="readingOrder {index:19;}">
                <Coords points="791,3155 794,3214 812,3224 854,3232 1227,3237 1942,3237 1975,3230 1983,3225 1987,3215 1986,3167 1977,3162 1944,3159 1617,3160 1413,3151 859,3141 804,3144 795,3148"/>
                <Baseline points="791,3213 1987,3213"/>
                <TextEquiv>
                    <Unicode>Ainen Gulden Vermög Berath</Unicode>
                </TextEquiv>
            </TextLine>
            <TextLine id="tl_1749730335" custom="readingOrder {index:20;}">
                <Coords points="2295,3233 2293,3197 2280,3192 2233,3171 1918,3249 1386,3241 887,3241 806,3252 798,3266 798,3309 803,3319 885,3332 1308,3341 2070,3341 2123,3335 2240,3304 2282,3272 2293,3251"/>
                <Baseline points="798,3308 2295,3308"/>
                <TextEquiv>
                    <Unicode>schlagten anbringen hiebey Idest 1 f.</Unicode>
                </TextEquiv>
            </TextLine>
            <TextLine id="tl_1749730375" custom="readingOrder {index:21;}">
                <Coords points="929,3441 929,3525 933,3540 958,3561 973,3581 987,3589 1025,3621 1034,3623 1135,3624 1241,3616 1323,3617 1355,3613 1625,3608 1843,3588 1873,3582 1882,3577 1888,3567 1886,3483 1871,3467 1839,3460 1755,3455 1631,3455 1598,3449 1514,3442 1329,3435 941,3433 932,3435"/>
                <Baseline points="929,3574 1888,3574"/>
                <TextEquiv>
                    <Unicode>Latus 7. f.</Unicode>
                </TextEquiv>
            </TextLine>
            <TextEquiv>
                <Unicode></Unicode>
            </TextEquiv>
        </TextRegion>
        <TextRegion id="region_248913991" custom="readingOrder {index:1;}">
            <Coords points="2446,0 4891,0 4891,3991 2446,3991"/>
            <TextLine id="tl_1749730341" custom="readingOrder {index:0;}">
                <Coords points="2898,545 2899,590 2905,596 2922,598 4034,597 4076,594 4090,587 4088,543 4045,532 3913,520 3563,477 3507,478 3348,495 3247,499 3180,490 3131,469 3080,465 2998,467 2948,479 2933,505 2904,525"/>
                <Baseline points="2898,564 4090,564"/>
                <TextEquiv>
                    <Unicode>Den 22. dito Zahlte ich die der</Unicode>
                </TextEquiv>
            </TextLine>
            <TextLine id="tl_1749730347" custom="readingOrder {index:1;}">
                <Coords points="2907,607 4123,607 4123,699 2907,699"/>
                <Baseline points="2907,676 4123,676"/>
                <TextEquiv>
                    <Unicode>Magdalena Teyschkin angeschaffte</Unicode>
                </TextEquiv>
            </TextLine>
            <TextLine id="tl_1749730360" custom="readingOrder {index:2;}">
                <Coords points="2926,698 4095,698 4095,791 2926,791"/>
                <Baseline points="2926,767 4095,767"/>
                <TextEquiv>
                    <Unicode>Sechs schilling ut Berathschlagten</Unicode>
                </TextEquiv>
            </TextLine>
            <TextLine id="tl_1749730346" custom="readingOrder {index:3;}">
                <Coords points="2946,825 2947,857 2956,867 3024,880 3108,886 3706,891 4092,917 4664,917 4688,912 4693,901 4689,800 4601,786 3904,792 3031,787 2955,794"/>
                <Baseline points="2946,882 4693,882"/>
                <TextEquiv>
                    <Unicode>anbringen hiebey Idest - f. 6 s. d.</Unicode>
                </TextEquiv>
            </TextLine>
            <TextLine id="tl_1749730334" custom="readingOrder {index:4;}">
                <Coords points="2893,1154 2893,1188 2899,1206 2944,1216 3225,1216 3393,1210 3602,1211 3709,1203 3968,1197 4002,1194 4015,1186 4015,1164 4008,1152 3958,1132 3749,1114 3666,1103 3557,1082 3508,1087 3436,1101 3249,1086 3182,1069 3174,1063 3167,1043 3160,1036 3122,1028 3062,1028 3022,1033 2982,1042 2943,1057 2935,1063 2926,1085 2903,1105 2897,1120"/>
                <Baseline points="2893,1169 4015,1169"/>
                <TextEquiv>
                    <Unicode>Den 7. April Zahlte ich dem</Unicode>
                </TextEquiv>
            </TextLine>
            <TextLine id="tl_1749730349" custom="readingOrder {index:5;} unclear {offset:18;length:2;}">
                <Coords points="4044,1212 4012,1209 3726,1208 3587,1217 3429,1216 2995,1227 2962,1230 2945,1238 2944,1286 2946,1291 2962,1295 3292,1295 3368,1290 3699,1282 3849,1291 3937,1290 4016,1282 4042,1276"/>
                <Baseline points="2944,1271 4030,1271"/>
                <TextEquiv>
                    <Unicode>Ehrwirdigen herrn P. Ioseph</Unicode>
                </TextEquiv>
            </TextLine>
            <TextLine id="tl_1749730344" custom="readingOrder {index:6;} unclear {offset:13;length:16;}">
                <Coords points="4029,1314 4025,1306 4013,1303 3851,1301 3732,1289 3500,1292 3396,1302 3294,1304 3188,1315 2956,1320 2942,1326 2941,1360 2942,1367 2948,1370 2985,1375 3158,1382 3622,1382 3733,1372 3883,1377 3977,1376 4014,1373 4028,1368"/>
                <Baseline points="2941,1358 4029,1358"/>
                <TextEquiv>
                    <Unicode>Maria a Jesu Comiss. terra so</Unicode>
                </TextEquiv>
            </TextLine>
            <TextLine id="tl_1749730343" custom="readingOrder {index:7;}">
                <Coords points="4081,1397 4068,1390 4028,1388 3902,1393 3679,1389 3357,1395 3184,1405 2971,1401 2942,1404 2936,1408 2936,1462 2945,1467 2978,1470 3295,1470 3556,1461 4069,1482 4084,1479 4081,1461"/>
                <Baseline points="2936,1448 4081,1448"/>
                <TextEquiv>
                    <Unicode>Generalis die von Einem Löbl.</Unicode>
                </TextEquiv>
            </TextLine>
            <TextLine id="tl_1749730348" custom="readingOrder {index:8;}">
                <Coords points="4067,1513 4065,1505 4055,1500 4013,1491 3923,1480 3660,1470 3551,1470 3242,1487 2988,1486 2954,1489 2933,1496 2933,1538 2938,1543 2982,1550 3099,1557 3500,1556 3697,1546 4050,1555 4066,1550"/>
                <Baseline points="2933,1533 4067,1533"/>
                <TextEquiv>
                    <Unicode>Stattrath etc auf sein anbringen</Unicode>
                </TextEquiv>
            </TextLine>
            <TextLine id="tl_1749730356" custom="readingOrder {index:9;}">
                <Coords points="4085,1602 4077,1594 3996,1574 3882,1563 3683,1560 3575,1567 3390,1567 3230,1573 2997,1566 2963,1568 2948,1573 2947,1635 2950,1640 2959,1643 3026,1647 3235,1647 3472,1640 3819,1647 4075,1647 4085,1643"/>
                <Baseline points="2947,1623 4085,1623"/>
                <TextEquiv>
                    <Unicode>Zu erhaltung der H. orther an</Unicode>
                </TextEquiv>
            </TextLine>
            <TextLine id="tl_1749730351" custom="readingOrder {index:10;}">
                <Coords points="4059,1694 4047,1679 3821,1659 3631,1649 2989,1662 2952,1667 2938,1673 2936,1728 2939,1740 2951,1744 3197,1744 3292,1739 3543,1735 4027,1758 4058,1740"/>
                <Baseline points="2936,1718 4051,1718"/>
                <TextEquiv>
                    <Unicode>geschaffte Sechs Gulden Vermög</Unicode>
                </TextEquiv>
            </TextLine>
            <TextLine id="tl_1749730354" custom="readingOrder {index:11;}">
                <Coords points="2954,1754 4039,1754 4039,1831 2954,1831"/>
                <Baseline points="2954,1811 4039,1811"/>
                <TextEquiv>
                    <Unicode>berathschlagtem anbringen</Unicode>
                </TextEquiv>
            </TextLine>
            <TextLine id="tl_1749730339" custom="readingOrder {index:12;}">
                <Coords points="2962,1838 4044,1838 4044,1940 2962,1940"/>
                <Baseline points="2962,1913 4044,1913"/>
                <TextEquiv>
                    <Unicode>vnd darauf gestelten Quitung</Unicode>
                </TextEquiv>
            </TextLine>
            <TextLine id="tl_1749730338" custom="readingOrder {index:13;}">
                <Coords points="4442,2052 4440,1953 4430,1944 3614,1955 3047,1946 2956,1951 2943,1955 2936,1966 2936,1999 2942,2011 3010,2024 3561,2020 3781,2034 3924,2054 4012,2060 4439,2059"/>
                <Baseline points="2936,2031 4442,2031"/>
                <TextEquiv>
                    <Unicode>hiebey Idest 6 f.</Unicode>
                </TextEquiv>
            </TextLine>
            <TextLine id="tl_1749730337" custom="readingOrder {index:14;}">
                <Coords points="2906,2313 2910,2353 2924,2360 2963,2366 3168,2366 3270,2362 3640,2362 3690,2365 4030,2362 4070,2359 4079,2351 4079,2283 4068,2272 4021,2264 3849,2271 3669,2262 3558,2248 3426,2225 3362,2199 3320,2194 3230,2200 3006,2196 2961,2204 2949,2213 2941,2250 2914,2275"/>
                <Baseline points="2906,2323 4079,2323"/>
                <TextEquiv>
                    <Unicode>Den 8. dito Zalte ich der So</Unicode>
                </TextEquiv>
            </TextLine>
            <TextLine id="tl_1749730357" custom="readingOrder {index:15;}">
                <Coords points="2936,2387 2938,2436 2949,2441 2992,2446 3618,2446 3949,2453 4096,2448 4115,2444 4117,2437 4115,2387 4059,2376 3311,2366 2984,2366 2947,2370 2940,2374"/>
                <Baseline points="2936,2429 4117,2429"/>
                <TextEquiv>
                    <Unicode>phia Artnerin armen wittib die</Unicode>
                </TextEquiv>
            </TextLine>
            <TextLine id="tl_1749730369" custom="readingOrder {index:16;}">
                <Coords points="2939,2454 4117,2454 4117,2551 2939,2551"/>
                <Baseline points="2939,2526 4117,2526"/>
                <TextEquiv>
                    <Unicode>Ihr angeschaffte Acht schilling Ver</Unicode>
                </TextEquiv>
            </TextLine>
            <TextLine id="tl_1749730345" custom="readingOrder {index:17;}">
                <Coords points="2960,2569 2960,2611 2966,2621 2997,2630 3022,2645 3086,2653 3735,2685 4418,2684 4419,2598 4411,2586 4393,2581 4232,2580 4067,2565 3456,2551 3036,2552 2976,2557 2963,2562"/>
                <Baseline points="2960,2650 4419,2650"/>
                <TextEquiv>
                    <Unicode>mög anbringen hiebey Idest 1. f.</Unicode>
                </TextEquiv>
            </TextLine>
            <TextLine id="tl_1749730359" custom="readingOrder {index:18;}">
                <Coords points="2876,2878 2879,2935 2893,2942 2940,2945 3237,2942 3920,2944 4032,2938 4068,2931 4075,2923 4075,2862 4067,2854 3927,2845 3849,2850 3710,2847 3617,2835 3570,2821 3551,2808 3511,2798 3406,2785 3336,2771 3207,2769 3112,2760 3019,2764 2968,2778 2953,2794 2925,2804 2914,2831 2883,2848"/>
                <Baseline points="2876,2898 4075,2898"/>
                <TextEquiv>
                    <Unicode>Den 10. dito Zalte ich auch die</Unicode>
                </TextEquiv>
            </TextLine>
            <TextLine id="tl_1749730336" custom="readingOrder {index:19;} unclear {offset:13;length:2;}">
                <Coords points="2922,2939 4094,2939 4094,3059 2922,3059"/>
                <Baseline points="2922,3029 4094,3029"/>
                <TextEquiv>
                    <Unicode>dem Anthonio Chumor Ph. Magi</Unicode>
                </TextEquiv>
            </TextLine>
            <TextLine id="tl_1749730340" custom="readingOrder {index:20;}">
                <Coords points="2959,3184 2959,3258 2968,3273 3022,3298 3059,3307 3080,3322 3135,3347 3539,3424 3894,3423 3935,3416 4014,3387 4107,3366 4193,3355 4420,3342 4480,3332 4495,3318 4493,3173 4480,3162 4458,3158 4138,3157 4059,3149 3748,3156 3556,3146 3041,3147 2983,3154 2965,3166"/>
                <Baseline points="2959,3353 4495,3353"/>
                <TextEquiv>
                    <Unicode>Latus 7. f. 6. s d.</Unicode>
                </TextEquiv>
            </TextLine>
            <TextEquiv>
                <Unicode></Unicode>
            </TextEquiv>
        </TextRegion>
    </Page>
</PcGts>
