5012 4013
2733 321 4329 877 Enntlechent
3148 819 4226 981 gelt auf der Statt Nottufften ./.
2958 1190 4288 1381 Item Nach dem Zwischen des Erbarn
2988 1349 4356 1495 Merthen Polickho burgers vnd gwant
3000 1455 4295 1612 schneiders alhie säligen hausfrauen
3000 1561 4299 1748 Angnesen gelassen vngeuogten tocht
3000 1678 4241 1855 er Katherina vnnd sein Polickho auf
2999 1828 4282 1971 gemainer stat Rait Camer ain ver
3011 1925 4293 2093 gleichung gemacht Also das er Innhalt
3004 2041 4280 2212 den selben vergleichunng Ermeltem
2992 2162 4316 2351 seinem khindt Par gelt heraus schuldig
3004 2297 4261 2484 worden ausser der wein 1199. γ. d.
