5035 4068
779 453 1978 635 Dergleichen ist den funfften No
865 616 2027 757 uembris durch den Brotbschauer
836 740 2023 882 erlegt straffgelt von den Peckhen
792 858 2022 1012 Innhalt Zetln so Zu schwartz vnd ge
824 975 2043 1117 gering vnd nit recht Pachen gewe
847 1025 2544 1241 sen seint Thuet f. 12. s. 6. d. 18.
805 1392 1967 1604 Anndree Khaindl Brotbschauer
825 1587 2019 1727 hat den Achtundtzwaintzigstenn
803 1706 1959 1837 Nouembris Laut Particularr
843 1800 2546 1997 straffgelt erlegt f. 8. s. 4. d. 12.
606 2064 2017 2417 Mer 17. Septembris Emphieng Ich
867 2379 2042 2555 vom gedachtem Brotbschauer Peckhen
658 2609 2037 3043 Latus 21. f. 3. s. d
3061 512 4461 706 straffgelt Innhalt Particulars gebracht
3058 620 4878 852 Siben Phundt ain schilling Phening Idest f. 7 s 1 d.
2845 1098 4343 1289 Adii den Zwenundtzwaintzigisten De
3087 1252 4369 1402 cembris hat Anndree Kaindl Brot
3053 1375 4371 1547 bschauer abermals straffgelt erlegt
3051 1457 4890 1698 ins Ambt von den herigen Peckhen f. 5. s. 1. d 24
2955 2612 4182 3011 Latus 12. f. 2 s 24 d
