5012 4013
704 534 1932 688 dartzue die gerhaben thon Ain γ d.
678 675 1925 810 thuet ain tausennt Zwayhundert
674 790 1919 908 floren vnd solliche Suma nur durch
675 892 1896 1032 den obgedachten Polickho auf statt
674 1003 1861 1147 gebreuchigs Innteresse Per Cennto
681 1121 1949 1255 mir .5. fl. Zuuer Zinsen den Aind
687 1240 1965 1374 lifften Februari Zu der stat handen
673 1354 1966 1494 gegen ainer Verschreibung Erlegt
680 1468 1970 1599 worden. Derhalben stell Ich sol
686 1586 2023 1756 liche Suma gelts alhie für Einemen
1575 1688 2475 1895 Idest f. 1200. s. d.
604 2046 2005 2215 Dieweill der Edl vnnd Vesst herr Hannß
655 2196 2098 2337 Prockh gewesner Burger alhie saliger
690 2308 1947 2473 seinen dreien Tochtern Ieder fur
593 2539 1779 3050 Latus per Se.
2990 430 4326 658 Vätterlich guet neben andern Vier
3025 598 4321 756 tausennt floren Reinisch testiert vnnd
3004 723 4319 890 die Zwo so verheirat solliche benennte
2984 830 4349 1013 Ir Erbschafft Emphanngen aber die Iung
2996 952 4364 1136 khfraw Elisabeth noch dito nicht ver Eelicht
3031 1085 4343 1252 hat obgedachts herrn Prockhen verlasne
3027 1205 4298 1386 wittib Margaretha an der vnuerhey
3032 1331 4303 1510 raten Portion hinter gemainer stat
3032 1464 4277 1633 mitler Zeit erlegt .2500. f. vmb ge
3012 1588 4304 1749 breuchigs Innteressen vom hundertt
3011 1692 4335 1893 funff floren Zuuer Zinsen die mir ge
3033 1819 4294 2023 gen ainer geferttigten Obligation ins
3016 1930 4335 2126 Ober Camrer Ambt erlegt worden den
2985 2055 4331 2282 Zehenden Ianuari Anno etc Im Funff
2993 2180 4880 2416 vnndsechtzigistenn Idest f. 2500. s. d
2939 2522 4095 3082 Latus per Se.
