5012 4013
539 476 2042 673 Ich von dem Erbarn maister Paul wolffn
626 637 1997 779 schwert feger vnd Ioachim gstierner
606 760 1933 899 Satler Emphanngen .300. f. Welliche
609 875 2044 1021 Iren Phleg sun Iacob Weilundt Hannß
618 1003 1948 1134 en Petroten saligen vngeuogten ge
639 1114 1986 1261 lassen Sun Zuegehörig Iarlichen Iedes
630 1235 1922 1377 hundert mit 5. f. Zuuer Zinsen Vt
632 1330 2503 1526 Obligation Idest f. 300. s. d.
361 1624 1968 1979 Mathes Richter Stat Casstner Erlegt
622 1947 1987 2078 den Funffvnndtzwaintzigisten tag
578 2053 1986 2207 Martii auß verkhaufften getraidt
691 2185 1948 2301 ins Ober Camrer Ambt in merlay
703 2297 1918 2469 merlay munß sechhundert floren
1524 2365 2492 2545 Idest f. 600. s. d.
576 2747 2023 3048 Latus .900. f. s. d.
2947 490 4315 687 Item den .27. Martii hab ich auf meiner
2985 647 4280 820 herrn Burgermaister vnd Raths be
2991 750 4258 914 uelch vom herrn docter Steffan
2987 867 4303 1039 schwartz Ro. Kay. Mt. etc hoffrath ent
2992 1002 4280 1160 lehendt 3000. f. albegen das hundert
2995 1113 4265 1268 mit acht floren ZuuerZinsen auf ain
2969 1205 4820 1432 halbs Iar lang Laut Obligation Idest f. 3000 s. d.
2767 1631 4314 1885 Weylund des Edlen vnd Vessten Herrn Hanß
2940 1856 4256 2017 en Prockhen säligen gelasne wittib
2959 1965 4305 2130 hat auch Zu gemainer stat erlegt vnd
2965 2084 4316 2252 dargelichen den Lesten tag beruerts
2965 2208 4286 2378 Monnats auf die Zuuor eingestelten
2962 2312 4277 2511 2500 floren darauf noch funf Zehen
2870 2598 4001 3042 Latus per Se.
