5299 4309
711 903 2052 1037 anheunt Verfallene Monaths Bsol
707 904 2580 1160 dung Lauth geförtiger Roll mit 201 f. - " -
702 1215 2129 1371 Auch Bringe Ich dahier in Ausgab
725 1359 2081 1471 die für die in dennen Vorstätten
730 1466 2125 1593 auffgenohmene hh. Physicos Von
719 1553 2141 1686 Ersten Ianuarii biß anheunt auff
716 1682 2159 1797 1 Iahr Verfallene Bsoldungen Ver
720 1661 2584 1917 mög 10. Quittungen mit 187 " 4 " -
747 1980 2160 2108 Den Ersten dito Herrn Carl Ioseph
755 2108 2210 2237 Loyseli der Röm. Kay. Maytt. Rath
725 2227 2103 2340 und Statt anwaldt den Rest seiner
729 2180 2558 2436 719. Iährigen Raths Recompens mit 125 " - " -
688 2480 2138 2632 Item 2.ten herrn Iohann Baptista Reitt
724 2625 2133 2739 mayr des gleichen herrn Ioseph Carl
710 2729 2174 2847 Freywillich Vndt herrn Iohann Baptista
706 2833 2165 2946 Vianini allen dreyen des Kay. Statt
718 2932 2146 3043 grichts Beysitzern ihre den Letzten
739 3000 2161 3132 Xbr. 719. Verfallene Quartals bsol
742 2943 2566 3228 dungen Ieden 100 f. zusamben aber 300 " - " -
743 3268 2153 3436 Dito dem Iohann Ruopff hausmai
845 3493 2071 3824 Latus 813 f. 4 s. - d.
2858 777 4407 916 stern im Rath Haus sein anheint Verfal
2888 903 5127 1026 lene Quartals Bsoldung mit 50 f. - " -
2879 1070 4364 1222 Den 4.ten herrn Frantz Augustin Vlrich
2901 1200 4447 1319 Buechhalterey Verwahnten sein anheint
2875 1304 5108 1435 Verfallene Quartals Bsoldung mit 100 " - " -
2878 1491 4398 1628 Den 5.ten herrn Iohann Geörg Hundes hagen
2893 1622 4382 1720 I. U. Dri. und Gmr. Statt Syndico sein
2891 1712 4329 1823 den Letzten Xbr. Verfallene Iahrs
2896 1820 4338 1930 Bstallung mit 100 f. und 24 f. neues
2881 1912 5115 2052 Iahr Zusamben 124 " - " -
2882 2078 4354 2223 Herrn Nicola Antoni Schuester Buech
2884 2223 4368 2328 halterey Verwahnten sein anheunt
2876 2325 5096 2446 Verfallenes Quartal mit 75 f " - " -
2850 2486 4354 2652 Den 7.ten herrn Frantz Ioseph Sommer
2889 2641 4392 2750 Buechhalterey Verwahnten sein an
2881 2735 5110 2878 heunt Verfallenes quartal mit 100 " - " -
2857 2948 4368 3111 Den 8.ten herrn Reichhardt Antoni Hell
2889 3106 4427 3267 Gmr. Statt Expeditori sein den 5.ten diss
2973 3360 4284 3667 Latus 449 f. - s. - d.
