5325 4323
705 917 2134 1045 Verfallene Quartals Bsoldung auff
746 906 2579 1143 seine Quittung mit 100 f. - " -
674 1185 2099 1343 Den 9.ten herrn Frantz Ioseph Stiemb
691 1331 2140 1433 als welchen nach abtritt des herrn
691 1423 2116 1525 Rukhepaumb die ord. Beysitzer Stell
699 1526 2130 1631 aller gnädigst Verwilliget worden die
695 1618 2163 1722 den Letzten Xbr. Verfallene Quartals
704 1722 2148 1835 Bsoldung Lauth Quittung und vidimir
705 1695 2594 1933 tes Decret hiebey Idest 100 " - " -
651 1959 2112 2127 Den 13.ten herrn Cristoph Rukh Meda
701 2115 2138 2228 Dri. und Magistro Sanitatis in der Statt
724 2222 2129 2372 die den 8.ten diss auff ¼ Iahr Verfal
745 2165 2580 2438 lene 37 " 4 " -
697 2444 2174 2600 Item Iohann Matthia grüener Buech
714 2586 2115 2696 halterey Verwahnten sein den 15.ten
718 2675 2145 2793 diss Verfallende Quartals Bsoldung
722 2613 2587 2889 mit 100 " - " -
671 2909 2136 3097 Den 14.ten dem Michael Heinrich Haan
726 3070 2154 3193 toden bschauer sein anheunt Verfal
736 3188 2150 3311 lene Iahrs Bsoldung Vermög Quit
732 3111 2595 3404 tung mit 40 " - " -
683 3511 2073 3790 Latus 377 f. 4 s. - d.
2895 690 4402 953 Den 15.ten dem Ignati Strassner Buech
2913 937 4448 1068 halterey Accesissten sein anheint Ver
2920 1053 5134 1196 fallenes Quartal 12 f. 4 s. -
2899 1176 4406 1366 Den 17.ten herrn Iohann Paul Frech Gmr.
2934 1343 4444 1456 Statt Buechhaltern die ihme auff diss
2912 1453 4475 1566 Iahr gebührende 30 f. holtz und 25 f
2913 1558 5133 1689 Schmaltz geldt zusamben 55 " - " -
2889 1713 4409 1873 Den 27.ten herrn Ioseph Hartmann Bur
2897 1870 4438 1971 germaister die weegen des Confirmir
2905 1967 4353 2077 ten Burgermaister Ambts Zu der
2917 2079 4413 2198 Bey einer geheimbden hoff Cantzley zu
2913 2192 4387 2299 erlegen habenden täg per 400 f. die
2892 2298 4392 2423 Von Gmr. Statt bey zu tragen Schuldige
2895 2412 5128 2544 helffte mit 200 " - " -
2861 2542 4420 2698 Ingleichen Herrn Frantz Ioseph hauer
2890 2680 4424 2805 Kay. Statt Richtern die Ihme Bey zu
2910 2797 5131 2932 tragen habende helffte mit 75 " - " -
2915 3018 4381 3166 Dem Iohann Peter Schueller Gmr. Statt
2927 3156 4344 3291 Sollicitatori sein den 11.ten diss Ver
3952 3266 4273 3378 Febru.
2932 3384 4315 3636 Latus 342 f. 4 s. - d.
