5328 4363
3035 248 3948 652 Außgab
2878 693 4597 953 Auff die Cantorey Bey St. Stephann
2890 1023 4467 1199 Den 11.ten Mertz dem Iohann Alber Musico
2936 1193 4430 1298 Bey St. Sephann sein angestern Verfal
2907 1296 5136 1406 lene Quartals Bsoldung mit 25 f. - " -
2917 1420 4372 1574 Den Letzten dem Iohann Carl Beyttler
2923 1568 4477 1690 Posanisten bey St. Sephann sein anheint
2904 1674 5148 1802 Verfallenes Quartal mit 12 " 4 " -
2922 1832 4410 1976 Den Ersten April dem Frantz Cammer
2950 1968 4357 2083 mayr Musico bey St. Stephann sein
2901 2077 5159 2194 angestern Verfallenes quartal mit 12 " 4 " -
2898 2201 4464 2346 Den 28.ten dem Leopoldt timmer Violinisten
2900 2342 4405 2458 alda sein anheunt Verfallenes Quar
2897 2449 5152 2575 tal mit 12 " 4 " -
2882 2588 4424 2747 Dem Iohann Alber zahlte Ich untern 10.ten
2916 2727 4423 2849 Iunii sein Eodem dato Verfallenes Quar
2905 2841 5134 2962 tal mit 25 " - " -
2910 2980 4453 3137 Den 30.ten dem Iohann Carl Beuttler sein
2897 3129 5142 3292 anheunt Verfallenes Quartal mit 12 " 4 " -
2861 3362 4184 3657 Latus 100 f. - s. - d.
