5315 4296
703 911 2139 1039 auff abgewichenes Iahr Zueständige
720 924 2575 1140 Bestallung mit 100 f. - " -
700 1204 2079 1337 Herrn Iohann Nicola Winckhler Von
713 1328 2122 1446 Streitt forth weegen der Raitt Camer
700 1433 2103 1560 Comissionen die anheunt auff ¼ Iahr
710 1429 2583 1630 Verfallene 50 " - " -
690 1679 2117 1808 Herrn Geörg Altschaffer sein auff
690 1683 2577 1918 diss Iahr Verfallene Adiuta mit 500 " - " -
667 1950 2151 2088 Dan setze Ich in Außgab meine an
710 2076 2176 2193 heunt auff ½ Iahr Verfallene Ver
713 2066 2573 2307 fallene Ambts Bsoldung mit 200 " - " -
642 2327 2069 2494 Wie auch weegen der Leopoltstatt
727 2481 2119 2597 die mir für abgewichenes Iahr Ver
707 2432 2573 2695 fallene 150 " - " -
674 2720 2100 2877 Herrn Iohann Baptista Piazol an
700 2868 2170 2987 denen Ihme Iährl. außgeworffenen
708 2982 2138 3102 400 f. die anheunt auff ain Quar
720 2898 2577 3193 tal Verfallene 100 " - " -
721 3222 2159 3399 Desgleichen weegen der Raitt Camer
770 3428 2122 3820 Latus 1100 f. - s. - d.
2885 790 4365 919 Comissionen die anheunt auff ain Quar
2890 902 5092 1032 tal Verfallene 50 f. - " -
2879 1080 4374 1223 Dem herrn Frantz Caspar Scheffner des
2913 1213 4400 1323 Ihnern Statt Raths weegen der Raitt
2933 1321 4383 1432 Cammer Comissionen die auff diss
2903 1412 5131 1535 Iahr Verfallene 200 " - " -
2882 1572 4383 1706 Dan weegen der Superintendenten stell
2931 1705 4364 1829 in der Ioseph Statt die auff diß Iahr
2934 1798 5149 1917 Verfallene 100 " - " -
2875 1959 4381 2120 Herrn Frantz Daniel Bärtuskhä weegen
2905 2104 4374 2208 der Raitt Cammer Comissionen Von
2901 2206 4354 2328 22.ten Octob. biß anheunt auff 2 Mo
2894 2320 5131 2442 nath 9 tag 38 " 2 " 20
2887 2487 4392 2628 Herrn Nicola Stephann Frantz Ruckhe
2895 2621 4354 2733 paumb des Ihnern Raths die Ihme
2870 2728 4342 2837 bis anheunt auff ½ Iahr angeschaffte
2894 2834 4328 2936 Accidentien alß anstatt des Zutther
2894 2934 4354 3043 Schmaltz und Siessen wein 75 f. Vor 12.
2902 3036 4344 3137 Khüeffl saltz 9 f. und weegen des
2917 3131 4325 3265 10. fachen Raths pfening wie auch
2905 3376 4224 3661 Latus 388 f. 2 s. 20 d.
