5307 4327
732 837 2563 1059 Herrn Gabriel Matheser 200 f. - " -
730 980 2567 1203 Herrn Christoph Moltz 200 " - " -
714 1121 2565 1331 herrn Geörg Feyerstain 125 " - " -
704 1348 2141 1481 Herrn Phillipp Iacob Reichenberger
692 1373 2566 1580 Grundtschreiber mit 250 f " - " -
661 1592 2150 1744 Dem Iohann Schemeritsch grund buechs
711 1733 2138 1843 Accessisten sein den 16.ten diss Ver
707 1697 2572 1962 fallene ½ Iährige bsoldung mit 125 " - " -
668 1995 2145 2148 Item Iohann Baptista Eger Achtschreibern
719 2138 2117 2242 auff Gmr. Statt Meel grueben sein
723 2230 2158 2358 anheunt auff ain Iahr Verfallene
690 2199 2568 2450 Adiuta mit 100 " - " -
690 2502 2087 2662 Herrn Iohann Thobia Schittenhelmb
685 2644 2089 2766 Pflasterzohl Einnehmern sein an
709 2751 2135 2883 heunt Verfallene Viertl Iähr. Bsol
690 2691 2570 2970 dung mit 50 " - " -
709 3030 2156 3173 Herrn Iacob Schwärtzl ober Camer
710 3166 2157 3278 Ambts Remanenzern die Ihme wee
713 3271 2139 3425 gen der Leopoltstatt anheunt auff
789 3493 2161 3902 Latus 1050 f. - s. - d.
2967 823 5150 969 auff ain Iahr Verfallene 75 f. - " -
2891 1018 4402 1161 Item Iohann Frantz Khreitter Cantzley
2896 1157 4449 1273 Verwahnten sein anheunt Verfallene
2880 1281 5150 1403 Quartals Bsoldung mit 75 " - " -
2893 1456 4305 1602 Item Friderich Cron Buechhalterey
2891 1597 4373 1706 Accessisten sein anheint Verfallenes
2907 1700 5140 1832 Quartal mit 37 " 4 " -
2861 1851 4317 2024 Item Antoni Friderich Schweitzer Ober
2900 2017 4389 2129 Cammer Ambts Ambts schreibern sein
2878 2126 4311 2261 anheunt Verfallene Iahrs Bsoldung
2863 2252 5113 2343 mit 50 " - " -
2880 2336 4306 2472 Dan weegen der Leopoltstatt die Vor
2922 2474 5117 2607 anheuer ihme gebührende 25 " - " -
2849 2618 4302 2770 Item Iohann Benedict Raidt todenbe
2882 2763 4379 2886 schreibern sein anheunt Verfallenes
2852 2876 5097 2996 Quartal mit 15 " - " -
2829 3008 4350 3160 Dem Rumor haubtmann die für Ihn
2907 3154 4346 3301 und sein unterhabende Mannschafft
2877 3374 4174 3669 Latus 277 f. 4 s. - d.
