5346 4337
689 878 2153 1041 Vmb 105 Ellen Brauns tuech Vndt
696 1032 2158 1156 10 Ellen rothes deto zum Auffschlägen
702 1150 2151 1253 dan 120 Ellen beyh zusamben
710 1118 2578 1353 sein Außzügl mit 210 f - " -
634 1424 2177 1590 Den 30.ten Septemb. der Agata Bärt
704 1583 2143 1700 lin weegen des Wachter gwölb die
683 1693 2143 1807 Von ietzt Michäelis biß Georgii 720.
693 1779 2199 1923 auff ½ Iahr Verfallene Zinß gebühr
720 1777 2584 2009 mit 30 " - " -
673 2089 2100 2254 Letztlichen setze Ich in Außgab die
672 2249 2107 2368 Von die tach wacht all monatlich ge
700 2366 2099 2465 widtmete 198 f. 2 s. 20 d. welche
688 2467 2099 2605 Von Ersten Febr. 719. biß Letzten
704 2579 2166 2691 Ienner 720. auff 12 Monath be
727 2700 2180 2806 tragen 2380 f. Vermög geförtig
722 2643 2604 2905 ten 12 Rollen Idest 2389 " - " -
674 2970 2116 3128 Dan die der Nacht wacht durch 6.
722 3110 2212 3238 Monath Bezahlte Gage auff Iedes Mo
729 3198 2164 3346 nath 405 f. zusamben lauth geför
767 3130 2593 3426 tigten 6. Rollen und Decret 2430 " - " -
754 3563 2161 3814 Latus 5050 f. - s. - d.
3060 1390 3982 1860 Summa
2879 1863 4406 2028 Ausgab Auff Ambtleuth Vndt
3098 2006 4029 2182 Diener Besoldung
3161 2267 4212 2532 47938 f. 2 s. 24 d.
