5363 3676
865 385 2082 544 nota Zwain Zewnern xi wochen Irn sold die
983 542 2073 628 sich an Mitichen Floriani angeuengt
978 622 2025 709 vnd an Mitichen vor Magdalene
989 702 2074 800 nach stuergangen geendet habent dem
982 787 2067 876 Maister per iii s d i wochen vnd dem
977 858 2587 1005 knecht per lx d i wochen ꞩ vi γ vii s d
868 992 2054 1101 nota Zwain Maissern vii wochen Irn sold
981 1099 2156 1190 die sich an Montag vor sand Larentzen
997 1184 2100 1279 tag angeuengt Vnd an Montag vor
998 1265 2105 1369 Michaelis geendet habent yedem lx d
1002 1360 2588 1483 i wochen ꞩ iii γ iiii s d
894 1461 2040 1609 nota Vlreichen Furer xxiiiij̸ wochen sein sold
991 1604 2071 1696 die sich an Suntag nach Ambrosii
1004 1686 1998 1779 angeuengt Vnd an Mitichen vor
991 1769 2048 1864 Michaelis geendet habent auf iiii
963 1810 2631 1964 Ros per xviii s d i wochen ꞩ Lv γ xxx d
915 1996 2068 2115 nota demselben Vlreichen furer xiiii tag auf
994 2113 2156 2209 iiii Ros sein sold die sich an Sambstag
971 2199 2051 2294 vor Barbare virginis angeuengt vnd
1007 2285 2120 2381 an Sambstag vor sand Thomas tag
993 2372 2114 2477 nach stuergangen geendet habent auf
998 2459 2572 2608 yeds wagenpherd vi s d i wochen ꞩ vi γ d
1043 2701 1814 2907 Latus Lxxi γ iiii s d
3324 1375 4414 1525 Suma ettlichen personen Irn Sold So
3474 1519 4459 1608 auf dem Kalnperg gedient habent
3469 1585 4461 1734 facit ccc xxxiii γ lxxiiii d i ob
