5274 3629
868 346 1986 554 Ausgeben auf die Soldner vnd
899 541 1996 666 andern personen Irn sold So
902 650 2021 775 daselbs auf dem Kalnperg gedient haben
760 788 1933 912 nota Vonersten Iorgen Hager Rotmaister
890 902 1979 1000 vnd sein mitgesellen Iren sold iii wochen
890 985 1966 1081 die sich an Eritag vor sand Iorgen tag
896 1069 1926 1152 angeuengt vnd an Eritag vor sand
895 1143 1957 1234 pangretzen tag geendet haben auf
885 1225 1986 1320 xxxii soldner Zefussen Yedem wochen
891 1311 1925 1404 lich iiii s xx d vnd fur schaden
891 1405 1917 1488 i γ vii s xxvi d das alles in ainer
883 1457 2593 1645 Suma bringt Nach laut zwair quittung Lvii γ vii s xxvi d
759 1634 1896 1743 nota xv schutzen Zwo quottember vnd viii
878 1738 1944 1834 wochen Iren sold die sich an Mitichen
896 1820 1959 1906 Floriani angeuengt Vnd an Mitichen
894 1895 1993 1988 der vnschuldigen kindlein tag Nachst
862 1979 1979 2069 vergangen In den Weichnacht uenetagen
885 2059 1937 2160 geendet habent Yedem per ii γ d ain
889 2115 2543 2272 quottember ꞩ Lxxviii γ iiii s d
778 2295 1986 2407 nota Ir drein i wochen sold der sich an Mitichen
887 2402 1941 2493 Floriani angeuengt Vnd an Mitichen
857 2482 1994 2582 vor sand pangretzen tag nach stuerg
876 2567 2482 2726 geendet hat yedem xlii d ꞩ iiii s vi d
971 2746 1750 2957 Latus C xxxvii γ ii d
3203 319 4406 498 nota an Eritag vor sand pangretzen tag den
3319 481 4400 571 knechten die auf dem Kalnperg ge
3328 558 4430 647 dient haben nach geschefft des Burger
3334 640 4412 742 maister etc Letzgelt als die herren oben
3326 683 4921 835 gewesen sind i γ Lx d
3219 833 4353 989 nota vi Zimerleiten ii quottember Irn sold
3340 957 4452 1062 die sich an Mitichen floriani angeuengt
3328 1039 4454 1149 vnd an Mitichen aller Sellen tag geendet
3331 1118 4916 1257 haben yedem ii γ d i quottember ꞩ xxiiii γ d
3230 1282 4325 1405 nota So ist In von mein herren geschafft
3334 1387 4369 1484 vnd gegeben worden Zu pessrung Irs
3348 1470 4383 1568 solds den yetzgemelten Zimerleuten
3347 1502 4912 1662 yedem iiii s d ꞩ iii γ d
3231 1693 4370 1837 nota Maister Iacoben Kirchperger Zimermaister
3365 1823 4362 1917 selb dritten xi wochen sein sold die
3365 1903 4404 1997 sich an phintztag nach den Osterfeir
3362 1991 4375 2090 tagen angenengt vnd an phintztag
3364 2067 4356 2163 nach sand peter vnd sand pauls tag
3369 2155 4328 2253 nach stuergangen geendet habent per
3348 2203 4939 2347 viiii s d ain Wochen ꞩ xii γ iii s d
3268 2361 4409 2477 nota So ist demselben Maister Iacoben zu pes
3374 2447 4909 2595 rung alle wochen gegeben xlv d ꞩ ii γ xv d
3425 2684 4153 2851 Latus xlii γ v s xv d
