6182 4784
2502 382 3024 576 f kr d.
848 748 2378 889 rumentum eingelegt Crafft
845 893 2389 1028 welchen dieselbe mit ihren auf
824 1042 2420 1189 den Pockischen Hauß hafftenden
821 1190 2478 1331 Saz per 18000 f. obigen gemeiner
801 1330 2391 1490 Stadt überlassenen 4000 f. bey
812 1502 2412 1638 der zuruckh bezahlung quo ad
803 1640 2317 1787 Capitale et Intee nachgehen
806 1797 2396 1936 wolle auch bey gmr Stadt Grund
811 1943 2415 2094 buch die behörigen Vormerckung
798 2078 2361 2215 dißfahls beschehen also in Folge
799 2230 2419 2381 löbl. Würthschaft Raths Decret Anno
795 2407 2351 2532 18.ten Ianuarii 758 in orginali
806 2533 2328 2667 Sazbrieff 2 Cessionen Instru
823 2680 2339 2815 ment von der Frauen Von Kir
806 2814 2377 2998 stenau Fürmerckung von ge
806 2970 2343 3129 meiner Stadt Grund buch alles
776 3126 2298 3297 in vidimus und quittung
815 3257 3030 3430 idest 4000 " - " -
683 3435 2468 3695 Es haben Ihro Kayser König Maytt
751 3671 2347 3859 zu besonderen allergnädigsten
2310 3855 3024 4071 4000 " - " -
3606 732 5242 913 wohlgefahlen ersehen daß gemeine
3623 884 5185 1082 Stadt Wienn die durch den Feind
3617 1038 5140 1193 lich Preüßischen Einfahl abge
3621 1199 5165 1326 nötigte Kriegs operationen
3633 1304 5263 1487 mittels Aufbring und beytragung
3628 1444 5211 1606 ansehentlicher baurer Geldt Anti
3622 1586 5167 1749 cipationen bißhero Kräfftigt zu
3622 1753 5133 1902 unterstützen und andurch ihre
3623 1895 5153 2048 unabänderlich hegende treue
3621 2029 5205 2182 und Devotion neuerdings zube
3620 2192 5125 2338 stärcken und an tag zu legen
3598 2325 5266 2530 sich eytrigst angelegen seyn lassen
3616 2519 5121 2680 Nachdeme aber gegenwärtige
3616 2637 5158 2812 Ainständte so beschaffen daß zu
3622 2796 5248 2969 Abtreibung der andringenden feind
3629 2940 5206 3120 lichen Gewalt alle äüsserste Cräfften
3627 3120 5189 3285 angewendet mithin zu unter
3630 3236 5278 3435 haltung derer zu Feldt stehenden Trou
3603 3397 5218 3558 pen wie auch bey schaffung derer er
3603 3520 5269 3694 forderlichen Feldt Requisiten auf
3572 3682 5246 3858 zu wenden benöthigte übergrosse
