6255 4786
3853 320 5001 751 Ausgab
3555 759 5139 1004 Auf Ausgelichen Geld und
4143 930 4573 1087 befelch
3687 1110 5165 1338 Den 1.ten Novembris 758 bringen
3651 1247 5181 1438 in Außgab die P.  Excellenz |:titl:|
3586 1411 5180 1596 dem hoch und wohlgebohrnen Hh.
3583 1577 5086 1739 Friderich Wilhelm Grafen von
3576 1711 5165 1863 Haugwitz K. K. würcklich geheimen
3585 1820 5163 2012 Rath Königlich böheimischen obrist
3597 1979 5150 2141 und öesterreichisch ersten Hof Canz
3598 2097 5147 2266 lern gegen Versicher und Intaba
3587 2235 5153 2419 lirung bey der Königlichen landt
3593 2363 5214 2581 tafel auf dero in dem Marg Graf
3589 2543 5113 2689 thum Mähren gelegen aigen
3590 2633 5144 2836 thumliche Herrschafften Urstitz
3600 2811 5145 2977 und Niemtschitz und Raichung
3587 2960 5128 3130 Iährlich 5 pro Cento Intee Ver
3585 3086 5150 3265 mög löb. Würthschafft Raths Decret
3601 3222 5170 3409 und obligation in vidimus dato
3606 3356 5189 3563 1.ten 9bris 758 und darauf befind
3597 3506 5215 3692 lichen intabulations Attestation
3607 3616 5909 3848 anticipirte 10000 " - " -
5088 3815 5893 3937 10000 " - " -
