6259 4757
2521 327 3098 524 f kr d.
938 550 2351 841 Den 12.ten Xbris 758 bezahlte
838 838 2374 981 ich in das N.Ö. landtschaffts ober
831 974 2412 1104 Einnehmer Amt wegen von denen
823 1094 2459 1230 Gültens besizern dieses landes öe
824 1226 2380 1365 sterreich unter der Ennß zu be
826 1352 2511 1498 streittung der  Natural Verpflegung
843 1490 2405 1627 für den künfftigen Feldt zug peo
845 1619 2394 1755 modum Subsidii præsentanei
860 1753 2461 1888 aller gnädigst angesonenen 200 f.
835 1895 2438 2016 die auf gemeiner Stadt Wienn
857 2023 2477 2153 land gütter mit 5 pro Cento Intee
859 2157 2446 2289 und Versicherung des Contribu
868 2292 2482 2416 tional fundi Repartirte 970 f.
848 2415 2486 2568 laut löb. Würtschafft Raths Decret
875 2576 2452 2712 Anno 9.ten Xbris 758 und vidimir
872 2701 3105 2877 ter obligation Idest 970 " - " -
826 3002 2411 3274 Den 18.ten Ianuarii 759 bringe
873 3255 2473 3435 ich in Ausgaab iene 4000 f. welche
860 3401 2346 3598 die Frau Elisabeth Mäuerin
2373 3683 3067 3918 970 " - " -
5303 613 6029 753 f kr d.
3680 779 5186 943 Von Freyleüthen gebohrne von
3680 942 5135 1111 Pockh auf dem Mütterlichen
3665 1090 5252 1263 Hauß in der Kärntner Strassen
3677 1207 5282 1368 als Einen durch Saz Versichert
3688 1358 5218 1518 Vatterlichen Erbguts Reest zu
3684 1515 5255 1657 fordern gehabt und untern
3682 1645 5330 1797 17.ten Xbris 758 an den Herrn Iohan
3693 1787 5360 1934 Franz Von Zobel Kayser Königl.
3655 1947 5226 2093 Rath derselben aber weiters ge
3699 2088 5252 2205 meiner Stadt Wienn gegen
3677 2203 5349 2350 deme Cedirt hat daß hieran wie
3684 2342 5373 2505 in Empfang an aus gelichen Geldt
3701 2488 5367 2656 zu ersehen an denen ihme Herrn
3676 2619 5313 2828 Von Zobel Von gmr Stadt untern
3694 2796 5253 2978 18.ten 8bris 756. gegen 5 pro Cento
3675 2927 5287 3107 Intee anticipirten 6000 f. Capi
3667 3076 5251 3251 tal 3000 f. abgeschrieben 1000 f.
3687 3223 5262 3381 aber hinaus bezahlet werden sollen
3664 3379 5273 3567 die Frau Maria Iosepha Kirsten
3688 3525 5317 3705 Von Kirstenau aber ein Inst
