6190 4789
3874 334 5012 759 Ausgab
3609 819 5136 1023 Auf Wax und Inslicht
4135 1003 4648 1144 Kerzen
5334 640 5934 800 f kr d.
3645 1202 5252 1392 Den 8.ten Ianuarii 759 bezahlte
3717 1367 5264 1530 ich dem Herrn Iohann Franz Stätzer
3636 1501 5249 1703 des aussern Raths und burgerlichen
3619 1671 5161 1856 Öhleger wegen Ꞥo. 758 vor die
3594 1791 5251 1998 Regiments Störrer abgefolgte
3625 1950 5213 2113 372 Ꞥ Inßlicht Kertzen à 12 kr
3617 2071 5881 2293 laut passirt und gefertigten Conto 74 " 24 " -
3611 2420 5233 2629 Ingleichen bezahlte ich der Maria
3622 2586 5210 2781 Anna Krembserin Verwittibt
3622 2751 5165 2942 burgerlichen Wax handlerin Vor
3630 2903 5230 3104 diß Iahr gelieferte Rorate Wind
3633 3036 5199 3248 lichter Sigl Wax und Tafel Ker
3644 3196 5164 3382 zen in die buchhalterey ober
3658 3332 5189 3491 Camer Amt und Altar Kerzen
3626 3470 5191 3639 in die Profess Hauß Kirchen Soc.
3601 3614 5246 3787 Iesu Innhalt adiustirt und Gefertig
3639 3675 5939 3890 len conto 195 " - " -
5335 3848 5923 3974 269 " 24 " -
