6211 4764
2411 440 3053 659 f kr d.
785 842 2429 1013 Nicht münder bezahlte ich gedach
808 1015 2476 1141 ter Krembserin Vor in gemainer
779 1152 2423 1289 Stadt pupillen Raitt Camer Ꞥo.
801 1298 2358 1426 758 gelieferte weisse Tafel Ker
781 1432 2447 1558 zen und gelben Zug besag adius
764 1543 3095 1723 tirt passiert und gefertigten conto 20 " 6 " -
772 1785 2459 1987 Dem Anton Forchtner burgerlichen
792 1997 2363 2119 Öhlerer wegen in die aussern
786 2126 2398 2274 Raths Stuben dann zu beleich
790 2285 2453 2427 tung deren 2 Schneckhen Stiegen
790 2440 2440 2596 in Rathhauß geliferte 50 Ꞥ Ins
764 2598 2299 2736 licht Kerzen à 13 kr Vermög
772 2758 2997 2917 passiert und gefertigten conto 10 " 5 " -
2550 2922 3095 3112 30 " 50 " -
626 2997 1986 3237 Suma Ausgab auf Wax
667 3178 1731 3333 und Inßlicht Kerzen
1104 3383 2019 3546 300 f. 20 kr.
3855 401 4996 839 Ausgab
3650 810 5083 972 Auf abgang und böses
4180 958 4528 1118 Geld
