6195 4750
2520 352 3049 508 f kr d.
762 547 2355 850 Den 20.ten Martii 759 bezahlte
759 850 2358 982 ich dem Herrn Iohann Franz Von
770 988 2429 1124 Zobel K. K. Rath und Einnehmern
772 1133 2435 1277 der Tabor bruck Mauth dan Herrn
777 1287 2367 1439 Franz Ioseph Hilleprand Controlor
785 1446 2358 1569 allda die wegen Collectirung ge
788 1575 2432 1701 meiner Stadt klein und Iungen
771 1705 2340 1849 Viech Mauth am Tabor iährlich
775 1846 2344 1968 ausgeworffene Remuneration
763 1975 2406 2127 pro 758 Innhalt löb. Würthschafft
770 2108 3048 2248 Raths Decret und quitt. 50 " - " -
728 2329 2300 2539 Den 12.ten Maii bezahlte ich dem
771 2543 2403 2679 Iohann Ioachin dietz ober Camer
761 2694 2351 2823 Amts officianten die ihme in
764 2840 2382 2977 Ansehung seiner besöders fleisi
774 2985 2382 3129 gen und guten dienst leistungen
757 3123 2393 3279 Verwilligte Remuneration Ver
769 3296 2378 3465 mög berathschlagten Anbringen
796 3437 3080 3622 und quittung 75 " - " -
734 3610 2487 3824 Den 27. Iunii bringe ich in Auß
2192 3824 3076 4054 125 " - " -
5369 556 6000 694 f kr d.
3669 669 5279 839 gab die |:tit:| Herrn Iohan Ioseph
3645 833 5193 985 Von Ehrnhalm N.Ö Repræsenta
3663 954 5209 1140 tions und Camer Rath auch ge
3660 1117 5146 1281 westen Præsidi bey allhiesigen
3661 1226 5127 1421 Stadt und Würthschafft Rath in
3654 1368 5183 1554 allerhöchster Erwegung wehrend
3662 1494 5254 1732 dero 8 iährigen Amtierung gmr
3651 1684 5194 1867 Stadt so villfältig Verschafften
3634 1809 5397 2019 Nutzen dann daß dieselbe durch
3654 1964 5181 2111 unermieckte Verwendung
3640 2081 5328 2287 das Stadt Activum über des bah
3640 2234 5215 2393 sivum erhöchet aller gnädigst
3643 2365 5193 2521 angewißen und mittels Einer
3632 2493 5218 2663 außgestelten ober Camer Amts
3653 2648 5172 2822 obligation dato 15 Maii 759
3634 2804 5129 2968 bezahlte Remuneration nach
3633 2932 5211 3092 aus weiß Vorn Sub Ꞥo. 805 an
3616 3069 5178 3247 ligend löb. Würthschafft Raths
3640 3213 5933 3392 Decret und quitt hiebey 10000 "  - " -
3576 3495 5235 3729 Den 28.ten Iunii 759 bezahlte ich
5152 3767 6023 3912 10000 " - " -
