6193 4775
2513 389 3054 561 f kr d.
743 670 2406 958 Den 18.ten Novembris 738. stelle
774 956 2367 1096 ich in Außgaab die des |:tit:|
747 1108 2370 1244 Herrn Baron von Aichen seinen
789 1249 2390 1401 bedienten für Verschidentliche
748 1413 2357 1549 Gänge welche derselben in gmr
752 1548 2374 1685 Stadt Angelegenheiten die Graf
749 1692 2396 1839 Öedische Zahlung betr Verrichtet
739 1854 2350 1993 hat bezahlte 4 f 12 kr auf bey
730 1969 3028 2145 ligende passierung idest 4 " 12 " -
729 2219 2461 2420 Den 29.ten Xbris bezahlte ich dem
724 2428 2391 2568 Herrn Heinrich Thadæo Wald
762 2571 2342 2709 müller K. K. Handtgräflichen
720 2713 2335 2880 Aufschlags Einnehmern zu Sto
755 2885 2484 3020 kerau wegen Anno 758 all wochent
757 3031 2434 3192 lich eingeschickten Getrayd käüf
742 3207 2355 3334 fen die iährliche Remunera
739 3350 2325 3496 tion laut berathschlagten An
717 3511 2330 3652 bringen Mezenleicher Amts
706 3654 3016 3806 Attestation und quitt 14 " - " -
2568 3830 3038 4003 18 " 12 " -
5319 535 5944 689 f kr d.
3859 603 5201 925 Den 30.ten Ianuarii 759
3802 843 5198 1042 bezahlte ich dem Carl Härtl
3717 996 5178 1168 gmr Stadt gewesten Tätzern
3671 1118 5242 1309 die ihme pro 758 allergnädigst
3673 1278 5199 1443 angewießene ordinari Remu
3671 1400 5246 1561 neration per 150 f. dann auch
3678 1549 5209 1744 die in Ansehung seinen durch
3657 1697 5189 1882 20. Iahr Treu geleisten diensten
3672 1856 5185 2005 und bedürfftigkeit zu einer
3670 1976 5219 2184 Extra Remuneration bey sei
3677 2132 5185 2278 ner dienst Austrettung Ver
3654 2264 5203 2432 willigte 250 f. zusamen also zu
3680 2425 5161 2599 dessen gäntzlicher Abfertigung
3672 2571 5153 2784 beweis löb. Würthschafft Raths
3680 2689 6027 2890 Decret und quittung 400 " - " -
3670 2871 5269 3078 Dann betzahlte ich dem Andrä be
3659 3038 5234 3254 sauer Marcktrichtern zu Fischa
3654 3177 5314 3344 ment vor den Ꞥo. 758 eingeschick
3683 3325 5313 3516 ten Körner Kauf die gewöhnliche
3676 3466 5286 3624 Remuneration gegen berathschlag
3654 3599 5359 3752 ten Anbringen Mezenleiher Amts
3643 3704 6045 3902 Attestatum und quitt 14 " - " -
5192 3863 5965 4014 414 " - " -
