5341 3838
670 419 1987 579 Herr Ponngratz Griennpeckh des Inndern
728 550 1962 669 Rats Alhie hat gleichs falß Ain Ioch wein
720 642 2006 758 gartten Zu Grintzing inn bstanndt haist
725 718 2063 845 der Rinckh dauon soll er geben Siben Phundt
725 820 2482 982 d. Zinß gehort Zu Iacoben Stichl Stifft f. 7. s. d.
709 954 2033 1116 Valtin Renner Burger alhie hat Auf seinem
719 1085 2034 1210 hauß am khienmarckht Zwayhundert phundt
724 1179 1984 1301 Phening den Leuitten Zu sannt Stephann
717 1275 1948 1384 Zuegehorig dauon der Zinß von Yedem
723 1369 2011 1496 vier Phundt thuet Acht Phundt Phening die
724 1472 2449 1635 Alhie fur emphang gesetzt werden Idest f. 8. s. d
698 1633 2013 1783 Liennhart herbst diennt Iarlichen vonn
745 1758 1985 1872 funf viertl weingartten Zu Albrecht
736 1848 2038 1978 Puechartz Stifft gehorig Zinß funf phundt
730 1948 2462 2113 von disem etc Sibenvndfunfzigisten Iar Idest f. 5. s. d.
692 2094 2017 2279 Hannß Singrienner Puechfuerer vnd
742 2251 1965 2378 druckher hat auf seinem hauß vnnd
736 2361 2033 2481 gwelb vnndern Tuechlauben Zu thoro
729 2455 1995 2582 thea Flußhartin Stifft verschriben
734 2555 2032 2692 hundert Neuntzig Phundt Phening dauon Iar
741 2661 2480 2821 lichen Neun Phundt 4. s. d. der Zinß f. 9. s. 4. d.
903 2819 1714 2986 Latus 29 γ. 4. s. d
3218 433 4556 591 Mer solle vom Bistumb wienn Iarlichen
3303 587 4598 687 laut weillenndt des hochwirdigen Bischof
3277 679 4542 768 Georgen seligen Stifftbriefs vmb wegen
3290 764 4521 882 des Salue Regina so taglich durch die
3274 868 4578 965 Cantorey wirdet dem herrn Cantorii Zwen
3276 961 4520 1075 vnnd dreissig Phundt d. gegeben werden
3280 1058 4559 1166 darumben die Ersten drey Chram laden
3262 1156 4510 1277 Zu negst dem Freithoff gegenn Messner
3267 1262 4524 1368 hauß verschriben die ich alhie von rich
3280 1352 4450 1461 tigkhait wegen in emphanng vnnd
3277 1446 4486 1553 weillß nit betzalt neben Anndern
3263 1541 5024 1722 schulden in Remanentz wider in ausgab stell f. 32. s. d.
3231 1680 4527 1837 Herr Paullus Pernfueß Zinst Iarlichen von
3277 1820 4505 1933 funfhundert Phundt Phening haubtgelt
3278 1913 4516 2010 auf seinem hauß am alten Roßmarckht
3264 1996 4952 2152 funf vnnd tzwaintzig γ d. so fur Emphang f 25 s. d
3209 2140 4537 2313 Hanns Khrieger Burger Alhie ist von den
3256 2282 4533 2396 Ainhundert Phundt Phening so auf sein
3236 2376 4543 2494 em hauß am saltzgrieß verschriben Alhie
3258 2472 4479 2594 den Zinß des 57.ten Iars verfallen so
3236 2582 4958 2751 Vonn Richtigkhait wegen für einemen. f. 5 s. d.
3362 2759 4286 2932 Latus 62 γ. s. d.
