5359 3822
3094 357 4376 736 Einnemen vom
3323 731 4328 847 Fuetter Recht Anno etc. 57.ten
3253 893 4496 999 Den sibenvnndtzwaintzigisten Nouembri
3283 992 4483 1077 dits 57ten Iars ist Georg woltzn Burger
3282 1067 4487 1162 alhie das fuetterrecht gegen gwend
3269 1148 4472 1248 licher betzallung von Burgermaister
3266 1233 4528 1322 vnnd rath bewilligt worden die weil
3276 1316 4449 1416 er sich aber so hoch beclagt hat das
3275 1402 4458 1503 er der Zeit nit bey gelt sey auch in
3263 1482 4466 1583 ansehung das er in gemainer stat
3257 1570 4427 1675 diennsten gebraucht wirdet hab ich
3251 1666 4400 1776 Ime Zubetzallung der Acht Phundt
3249 1767 4429 1878 Phening biß auf negst kh i u nfftigen
3253 1851 4432 1960 Ostern Termin gelassen derhalben
3259 1949 4464 2043 er mir ain bekhanntnus oder schuldt
3254 2032 4476 2138 briefl geben so im ober Chamerambt
3252 2125 4438 2224 verhannden vnnd werden obgemelte
3236 2219 4440 2340 Acht Phundt Phening in ausgab bey
3232 2326 4931 2457 der Remanentz ver meldt fl. 8. s - d.
3218 2419 4422 2544 Den viervndtzwaintzigisten Decembre
3252 2532 4434 2642 emphangen von Leopolden Eberl Burger
3253 2619 4996 2787 Alhie fur das fuetterrecht ꞩ f. 8. s - d.
3313 2783 4326 2992 Latus 16 γ. s. d.
