5364 3829
736 414 2036 605 Ainem weingarten Zu Prunn Zehen Phundt
736 583 2421 725 Phening thuet diser etc 57. Iariger Zinß f 10. s. d.
694 713 2003 876 Herr doctor Iohann Baptista Pachales von
722 853 2018 973 Zwaytausent Phundt Phening haubt suma
728 940 2431 1099 Zu herrn Niclasen Englharten Stift gehorig f. 100 s. d.
735 1124 1999 1268 Item verZinst herr Leopoldt offner von
746 1251 1999 1373 ain tausent Phundt Phening haubt suma
739 1344 2021 1475 Zuuermelter stifft gehorig auf seinem
743 1445 2418 1595 hauß Am Graben Verschriben ꞩ f 50. s. d
670 1608 1997 1767 Mer des Benedict Fronnleutner Erben
740 1743 1999 1859 vonn Zwayhundert gulden Vngerisch auf
743 1830 2050 1951 Irem hauß vnndern Spanglern verschriben
737 1924 2451 2077 der Zinß diß Siben vnd funftzigisten Iars f. 13. s. 6. d.
719 2106 2020 2269 Thoman Fuchspergers Erben Zinsen Auch
731 2244 2016 2377 Iarlichen Vonn ainhundert Phundt Phening
725 2355 2432 2531 haubtgelts Zu Maximilian Ponhamer stifft f. 5 s. d.
694 2513 2033 2683 Hannß Sultzpeckh soll von Ainem weinn
753 2663 2402 2818 gartten Zu Prun der Moringer genanndt ꞩ f. 8. s. d
947 2801 1761 2964 Latus 186 γ. 6 s. d.
3305 330 4565 608 Verner stell Ich hiemit fur emphang
3309 570 4572 668 den Zinß so Liennhart herbst vonn vier
3294 664 4580 770 hundert viertzig Phundt Phening haubt
3299 758 4543 865 gellt Auf dem Gundlhoff verschriben
3280 847 5032 990 Zethain schuldig Idest f 22 s. d.
3255 1006 4566 1151 Hannsen Pe u lln gewesnen burgers vnnd
3296 1135 4606 1255 Cramers alhie Erben sein schuldig dienst
3286 1237 5053 1375 gelt vonn ainem gartten diß 57 Iars f. s. d. 8.
3224 1383 4589 1520 Liennhart Gerler des Ledrers Erben solln
3286 1512 4591 1618 vonn ainem oden fleckh so etwan Andree
3299 1601 4526 1707 weider Zuegehort diennstgelt diß
3287 1694 5088 1841 siben vndfunftzigisten verfallen 12 d f. s. d 12
3236 1859 4571 2002 Item von den hollden Zu Wolfpaßing
3290 1990 4565 2110 den dienst Michaelis veruallen Em
3287 2097 5188 2254 Phanngen ꞩ f. 3. s 1 d 18 ½
3194 2235 4585 2370 Meristman Hannß Peul schulldig Von
3320 2332 4559 2437 dem Gartten so Er herrn Thoman
3279 2417 4553 2513 Sibenwurger des Indern Raths
3283 2493 4589 2618 Verkhaufft Zinß dises etc. 57 Iars
4188 2607 5104 2744 ꞩ f. s - d 24
3486 2747 4348 2890 Latus 25 γ 3 s 2 ½ d
