5313 3837
687 408 1981 596 Balthauser Zehenetner schneider am Iuden
731 566 1959 680 Platz hat auf seinem Hauß daselbs Zway
743 655 1993 770 hundert Phundt Phening dauon den Zinß
726 743 2372 899 Lorenntzii Verfallen thuet ꞩ f 10 s. d.
648 884 1945 1059 Michael Leutzer Zu Nusdorff von Ainem
748 1026 1941 1134 Ioch weingartten in den Lanngen Lüsten
753 1109 2350 1259 gelegen denn Zinß Michaelis ꞩ f. 4 s. d.
696 1285 2027 1420 Mert Trifueßin Erben seindt schuldig Ierlichs
750 1396 1973 1506 Purckhrecht Zinß 2. γ 2 s 14 d auf Irem
726 1486 2477 1625 hauß in der kruegstraß verschriben f. 2. s 2 d 14.
632 1608 2025 1776 Michael Puechperger hauer hat auf seinem
720 1751 2005 1867 Hauß im khumpfgaslen gelegen funf vnd
736 1848 2398 2004 sibentzig Phundt d. dauon der Zinß des Iars f. 3. s. 6 d.
642 2004 2031 2157 Stephann Hutndorffer hat funf viertl wein
739 2127 1975 2252 gartten Zu der von Eslorn stifft gehorig
742 2208 2343 2357 bstanndt weiß gebraucht der Zinß f. 5. s. d
640 2340 1981 2503 Den Larenntz Hauer ain viertl Zu Laintz
731 2478 1944 2595 gelegen Zu der Füchsslin Stifft ge
728 2559 2356 2717 horig im Bstanndt dauon ꞩ f. 1. s. d
868 2753 1791 2973 Latus 26 γ. s. 14 d.
3147 408 4480 559 Hannß Holtz Perger burger alhie hat auf
3287 542 4546 669 seiner behausung in der Khorner straßen
3296 623 4524 711 verschriben Zwayhundert Phundt d.
3297 703 4519 793 Zu Weillundt Anna Sindt Ramin
3272 784 4536 899 stifft gehorig dauon Iarlichen Zinß 10 γ.
3283 884 4481 989 d. den. 18. decemb. diß etc 57ten Iars
3285 980 4953 1106 versessen Idest f 10. s. d.
3249 1113 4525 1233 Bonifaci wolmuet Stainmetz hat auf
3284 1228 4538 1320 sein hauß am Khienmarckht so Zuuor
3289 1313 4505 1413 der Pempffinger hoff gehaisen Ain
3297 1403 4481 1493 hundert Phundt satz gelt genomen
3256 1484 4554 1593 so Zuuor auf weillundt hannsen Perstlß
3268 1578 4496 1678 hauß in der wildtwergerstraben ge
3278 1666 4485 1763 legen vnnd Zu wolfganng Grienn
3285 1759 4557 1882 waldt stifft gehorig dauon der Zinß
3293 1863 5005 1989 thuet f. 5. s. d.
3204 1978 4524 2134 Thoman Paungartner Oeller ist von
3257 2130 4503 2228 den Ainhundert floren vngerisch
3282 2218 4455 2314 in Goldt so auf seinem hauß beim
3261 2307 4507 2408 Stubenthor in der Wolltzeill verschriben
3263 2400 4519 2510 Zinß verfallen funf vngerisch geldt
3285 2495 4516 2610 gulden Weillundt herrn Andreen
3280 2604 4552 2757 Mispeckhen stifftung den f. Zu 110 γ
4420 2666 5044 2832 f. 9. s. 1. d. 10.
3336 2800 4322 2970 Latus 24. γ. 1. s. 10 d.
