5340 3824
673 454 1984 597 Hannß wolf so die Michel weisin yetzo
739 579 2004 694 ehelichen hat von funftzig Phundt Phening
742 670 2016 773 haubtgelt auf seinem hauß in der Riemer
749 758 2459 906 straß verschriben Zubetzallen Zinßgelt f. 2. s. 4. d.
675 915 2041 1071 Hannß Heroldt Pinter von Acht vnnd sibent
724 1046 2024 1156 Zig Phundt Phening haubtgelt auf seinem
726 1141 2410 1292 hauß auf der hochen Pruckhen verschriben f. 4 s. d.
675 1291 2060 1460 Leopoldt Gottschalch von ain hundert Phundt
727 1430 1981 1549 Phening haubtgelt ligendt auf seiner
741 1526 2443 1676 behausung am hochen Marckht ꞩ f. 5. s. d.
695 1682 2044 1849 Item Stell ich hiemit in Empanng veit
747 1819 1986 1932 Puechfinckhs verZinsung vonn Ain
748 1911 1965 2027 hundert Phundt Phening haubtgellt
753 2005 2074 2122 auf seinem hauß am alten vleischmarckht
746 2097 2474 2238 verfallen Benanntlichen ꞩ f. 4. s. d.
674 2222 2072 2381 Mer soll Georg Auer saltzer von ain hundert
744 2363 2052 2485 viertzig Phundt Phening haubt gelt auf
737 2463 2434 2606 seinem hauß am saltzgrieß verschriben f. 6. s. d.
710 2580 2056 2751 Herr Hannß Reitter Registrator bey der
939 2756 1658 2924 Latus 21 γ 4 s. d
3241 436 4551 572 Niderosterreichischen Canntzley soll von
3288 563 4532 668 Ainhundert vngerisch gulden in goldt Iar
3301 658 4542 762 lich vier hungerisch goldt gulden Zu vier
3274 750 4566 857 Zehen schilling Auf seinem hauß vnndern
3261 839 4995 990 Tuechlauben verschriben ꞩ f. 7. s. d
3215 995 4524 1136 Matheuß schonnpruner solle auch vonn
3276 1127 4493 1235 den Ainhundert Phundt Phening haubt
3271 1223 4594 1333 gelt Auf seinem hauß in der khernerstroß
3260 1320 4973 1464 den Iar Zinß dises 57.ten Iars thuet f. 5. s. d.
3185 1452 4512 1610 Hanns Iordann am Iuden Platz verZinst
3254 1593 4548 1702 Iarlichen vonn dreyhundert Phundt Phening
3260 1682 4969 1829 haubtgelt auf seinem hauß daselbs f. 15. s. d.
3238 1833 4550 1963 Niclas Rumpl von ain hundert Phundt
3261 1951 4523 2066 Phening auf seinem hauß an der vischer
3271 2037 4952 2161 Stiegen Ligundt ꞩ f. 5. s. d.
3170 2187 4575 2346 Cristoph Zeillinger auch von ainem hundert
3235 2315 4464 2443 Phundt Phening auf seinem hauß in
3246 2403 4918 2566 der Wildtwercherstraß Ligunndt ꞩ f. 5. s. d
3203 2535 4531 2736 Herr Augustin haidnhoffer Zinst vonn
3371 2772 4200 2917 Latus 37 γ. s. d
