<?xml version="1.0" encoding="UTF-8" standalone="yes"?>
<PcGts xmlns="http://schema.primaresearch.org/PAGE/gts/pagecontent/2013-07-15">
    <Metadata>
        <Creator>prov=READ-COOP:name=PyLaia@TranskribusPlatform:version=2.30.2:model_id=377405:lm=provided:date=26_08_2025_10:02</Creator>
        <Created>2025-08-19T09:47:01.626+02:00</Created>
        <LastChange>2026-01-16T14:53:32.108+01:00</LastChange>
        <TranskribusMetadata docId="10165740" pageId="101868719" pageNr="86" status="IN_PROGRESS" userId="234" imgUrl="https://files.transkribus.eu/Get?fileType=view&amp;id=JQBMHVTEZRCLQUGOXHRIOHEW" imageId="85448458"/>
    </Metadata>
    <Page imageFilename="101868719.tif" imageWidth="5351" imageHeight="3850">
        <TextRegion id="region_153513850" custom="readingOrder {index:0;}">
            <Coords points="0,0 2675,0 2675,3850 0,3850"/>
            <TextLine id="tl_1755674087" custom="readingOrder {index:0;}">
                <Coords points="758,450 759,531 779,538 976,547 1140,546 1229,551 1360,565 1597,562 1666,566 1952,564 1978,561 1979,477 1962,469 1906,463 1852,466 1777,480 1727,483 1685,480 1581,463 1477,467 1422,465 1329,449 1313,442 1194,424 819,430 763,437"/>
                <Baseline points="758,529 1966,529"/>
                <TextEquiv>
                    <Unicode>Siben vnnd funftzigisten Iar verfallen</Unicode>
                </TextEquiv>
            </TextLine>
            <TextLine id="tl_1755674099" custom="readingOrder {index:1;} unclear {offset:35;length:7;}">
                <Coords points="768,591 772,621 788,629 1018,662 1355,666 1565,694 1805,704 1921,719 2021,724 2323,725 2341,719 2382,700 2382,628 2343,622 2334,619 2070,607 1940,589 1785,576 1536,564 1330,562 1142,551 849,551 783,560 775,565"/>
                <Baseline points="768,680 2346,680"/>
                <TextEquiv>
                    <Unicode>so von richtigkait wegen alhie für einemen f. 5. s. d.</Unicode>
                </TextEquiv>
            </TextLine>
            <TextLine id="tl_1755674074" custom="readingOrder {index:2;}">
                <Coords points="719,702 722,795 729,800 781,812 1188,817 1493,834 1916,836 1967,828 1972,819 1972,775 1966,761 1920,736 1862,727 1623,718 1476,702 1411,703 1298,719 1176,719 1134,715 1084,705 1068,697 1021,690 796,673 730,684 721,692"/>
                <Baseline points="719,793 1972,793"/>
                <TextEquiv>
                    <Unicode>Hanns dorr Vleischackher Zinß Iarlichen</Unicode>
                </TextEquiv>
            </TextLine>
            <TextLine id="tl_1755674090" custom="readingOrder {index:3;}">
                <Coords points="794,822 795,872 808,878 832,881 1022,880 1455,908 1875,908 1908,904 1915,899 1917,862 1911,855 1794,840 1255,818 1094,819 961,813 807,812 798,813"/>
                <Baseline points="794,884 1917,884"/>
                <TextEquiv>
                    <Unicode>von ainer vleisch Panckh am liechten</Unicode>
                </TextEquiv>
            </TextLine>
            <TextLine id="tl_1755674071" custom="readingOrder {index:4;} unclear {offset:13;length:6;}">
                <Coords points="778,912 779,937 785,954 834,969 925,971 1050,963 1094,964 1219,986 1393,997 1547,1015 1935,1016 1956,1013 1955,917 1939,909 1895,904 1815,909 1420,907 1255,896 1174,895 1086,887 959,883 829,891 784,902"/>
                <Baseline points="778,982 1956,982"/>
                <TextEquiv>
                    <Unicode>stech Zu der Eslorn stifft gehorig Zehen</Unicode>
                </TextEquiv>
            </TextLine>
            <TextLine id="tl_1755674073" custom="readingOrder {index:5;}">
                <Coords points="771,1006 774,1079 791,1087 849,1093 1092,1100 1373,1116 1725,1115 1918,1129 2378,1129 2396,1123 2393,1026 2313,1012 2070,1006 1853,1019 1608,1017 1069,973 803,979 778,986"/>
                <Baseline points="771,1090 2396,1090"/>
                <TextEquiv>
                    <Unicode>Phundt Phening Idest f 10 s. d</Unicode>
                </TextEquiv>
            </TextLine>
            <TextLine id="tl_1755674077" custom="readingOrder {index:6;} unclear {offset:26;length:4;}">
                <Coords points="680,1140 681,1257 747,1281 797,1282 888,1273 1023,1271 1196,1282 1305,1279 1670,1295 1942,1297 1961,1294 1962,1196 1955,1187 1932,1182 1832,1180 1701,1190 1575,1187 1432,1169 1201,1161 1096,1149 1022,1132 967,1132 881,1142 744,1126 698,1129 683,1134"/>
                <Baseline points="680,1252 1962,1252"/>
                <TextEquiv>
                    <Unicode>Matheusen Schernfelß gewesenen Burgers</Unicode>
                </TextEquiv>
            </TextLine>
            <TextLine id="tl_1755674069" custom="readingOrder {index:7;}">
                <Coords points="773,1329 780,1340 823,1356 865,1360 1023,1361 1154,1374 1320,1372 1387,1378 1537,1375 1886,1378 1901,1375 1905,1368 1905,1331 1902,1323 1855,1310 1772,1298 1637,1298 1539,1287 1394,1287 1295,1279 1169,1282 1077,1271 902,1269 815,1275 781,1284 775,1290"/>
                <Baseline points="773,1350 1905,1350"/>
                <TextEquiv>
                    <Unicode>alhie seligen Erben haben auf Irem</Unicode>
                </TextEquiv>
            </TextLine>
            <TextLine id="tl_1755674075" custom="readingOrder {index:8;}">
                <Coords points="769,1379 770,1447 777,1453 793,1456 1044,1459 1154,1469 1294,1458 1342,1462 1374,1471 1406,1474 1583,1472 1710,1477 1927,1477 1939,1475 1965,1466 1963,1392 1898,1384 1682,1376 1545,1376 1418,1383 1294,1373 1159,1372 1088,1364 999,1360 823,1363 779,1369"/>
                <Baseline points="769,1447 1944,1447"/>
                <TextEquiv>
                    <Unicode>hauß do der haiden scheust Purckhrecht</Unicode>
                </TextEquiv>
            </TextLine>
            <TextLine id="tl_1755674091" custom="readingOrder {index:9;}">
                <Coords points="757,1474 757,1520 761,1529 801,1541 851,1546 1125,1550 1247,1559 1344,1560 1495,1572 1629,1568 1933,1572 1949,1570 1951,1566 1951,1502 1947,1493 1927,1486 1858,1479 1643,1467 1405,1466 1296,1459 1182,1466 953,1459 818,1459 771,1464 760,1468"/>
                <Baseline points="757,1543 1951,1543"/>
                <TextEquiv>
                    <Unicode>haubt gelt ain hundert Phundt Zu hain</Unicode>
                </TextEquiv>
            </TextLine>
            <TextLine id="tl_1755674062" custom="readingOrder {index:10;}">
                <Coords points="753,1568 753,1622 756,1627 767,1632 853,1646 1027,1649 1143,1662 1292,1664 1445,1676 1613,1682 1915,1683 1936,1679 1935,1593 1925,1587 1883,1582 1666,1572 1478,1576 1163,1553 817,1552 757,1559"/>
                <Baseline points="753,1648 1936,1648"/>
                <TextEquiv>
                    <Unicode>erich Purckhartzperger stifft gehorig</Unicode>
                </TextEquiv>
            </TextLine>
            <TextLine id="tl_1755674070" custom="readingOrder {index:11;}">
                <Coords points="767,1728 834,1750 999,1772 1205,1789 2296,1793 2395,1786 2422,1778 2429,1771 2429,1682 2404,1674 1960,1670 1663,1676 913,1651 789,1653 766,1661"/>
                <Baseline points="766,1756 2429,1756"/>
                <TextEquiv>
                    <Unicode>dauon der Zinß diß Iars ꞩ f. 5. s. d.</Unicode>
                </TextEquiv>
            </TextLine>
            <TextLine id="tl_1755674080" custom="readingOrder {index:12;}">
                <Coords points="774,1832 773,1972 775,1978 792,1984 1161,1999 1402,1994 1590,2009 1931,2010 1951,2006 1958,1994 1958,1919 1948,1910 1905,1902 1556,1900 1286,1886 1128,1887 1048,1892 999,1886 951,1873 929,1851 909,1840 897,1818 885,1812 839,1806 785,1815"/>
                <Baseline points="773,1959 1958,1959"/>
                <TextEquiv>
                    <Unicode>Paull strasser honig messer ist schuldig</Unicode>
                </TextEquiv>
            </TextLine>
            <TextLine id="tl_1755674097" custom="readingOrder {index:13;}">
                <Coords points="785,1994 785,2049 789,2053 926,2076 1115,2074 1260,2077 1378,2071 1523,2078 1797,2078 1929,2066 1935,2056 1934,2027 1926,2019 1840,2008 1581,2004 1414,1992 1163,1997 996,1989 800,1987"/>
                <Baseline points="785,2053 1935,2053"/>
                <TextEquiv>
                    <Unicode>versessen Zinß aus dem heusl Im</Unicode>
                </TextEquiv>
            </TextLine>
            <TextLine id="tl_1755674096" custom="readingOrder {index:14;} unclear {offset:36;length:4;}">
                <Coords points="773,2076 773,2141 778,2147 834,2158 922,2167 1019,2169 1148,2164 1266,2174 1413,2175 1578,2166 1648,2175 1711,2176 1975,2174 1981,2167 1981,2080 1962,2074 1761,2075 1632,2081 1457,2075 1178,2078 1123,2074 956,2074 828,2065 787,2068"/>
                <Baseline points="773,2146 1981,2146"/>
                <TextEquiv>
                    <Unicode>khochgässlen gelegen Zu vlrich Pedt Zieh</Unicode>
                </TextEquiv>
            </TextLine>
            <TextLine id="tl_1755674084" custom="readingOrder {index:15;}">
                <Coords points="751,2179 752,2246 764,2252 812,2258 1102,2263 1207,2257 1330,2271 1513,2268 1619,2272 1962,2270 1965,2263 1965,2207 1961,2201 1865,2187 1721,2182 1601,2169 1547,2169 1439,2179 1286,2181 1165,2167 1081,2164 898,2166 805,2163 760,2168 753,2172"/>
                <Baseline points="751,2244 1965,2244"/>
                <TextEquiv>
                    <Unicode>stifft gehorig den gantzen Iar Zinß diß etc</Unicode>
                </TextEquiv>
            </TextLine>
            <TextLine id="tl_1755674081" custom="readingOrder {index:16;}">
                <Coords points="755,2313 762,2325 803,2335 895,2343 1003,2346 1071,2355 1099,2365 1195,2381 1857,2381 1888,2376 1921,2361 1924,2354 1924,2288 1917,2279 1822,2268 1259,2258 838,2259 799,2263 764,2274 756,2283"/>
                <Baseline points="755,2348 1924,2348"/>
                <TextEquiv>
                    <Unicode>siben vnnd funftzigisten Iars Michaelis</Unicode>
                </TextEquiv>
            </TextLine>
            <TextLine id="tl_1755674076" custom="readingOrder {index:17;}">
                <Coords points="761,2414 768,2420 862,2431 1483,2440 1573,2445 1758,2467 2029,2481 2446,2480 2474,2444 2443,2386 2284,2371 2041,2360 1704,2370 1291,2371 1049,2356 908,2353 776,2361 763,2370"/>
                <Baseline points="761,2449 2448,2449"/>
                <TextEquiv>
                    <Unicode>verfallen ꞩ f 10. s. d.</Unicode>
                </TextEquiv>
            </TextLine>
            <TextLine id="tl_1755674078" custom="readingOrder {index:18;} unclear {offset:13;length:7;}">
                <Coords points="685,2546 688,2614 700,2621 749,2630 1086,2625 1502,2644 1923,2642 1930,2635 1930,2555 1926,2549 1872,2538 1729,2525 1538,2522 1465,2517 1339,2499 1283,2501 1212,2510 1146,2509 1017,2496 932,2474 777,2472 750,2474 732,2481 717,2502 691,2518"/>
                <Baseline points="685,2601 1930,2601"/>
                <TextEquiv>
                    <Unicode>Georg Seuder gurtler gibt Ierlichen</Unicode>
                </TextEquiv>
            </TextLine>
            <TextLine id="tl_1755674098" custom="readingOrder {index:19;}">
                <Coords points="768,2642 768,2704 773,2711 788,2715 1137,2720 1268,2713 1362,2713 1606,2723 1918,2721 1918,2666 1914,2661 1813,2645 1678,2642 1552,2646 1053,2624 820,2626 781,2631 771,2636"/>
                <Baseline points="768,2696 1918,2696"/>
                <TextEquiv>
                    <Unicode>grundt dienst von seinem heusl Im</Unicode>
                </TextEquiv>
            </TextLine>
            <TextLine id="tl_1755674093" custom="readingOrder {index:20;} unclear {offset:7;length:8;}">
                <Coords points="768,2712 1944,2712 1944,2837 768,2837"/>
                <Baseline points="768,2805 1944,2805"/>
                <TextEquiv>
                    <Unicode>Chramergasl das Thuernl genandt</Unicode>
                </TextEquiv>
            </TextLine>
            <TextLine id="tl_1755674086" custom="readingOrder {index:21;}">
                <Coords points="828,2939 831,2962 846,2976 861,3011 888,3025 900,3027 1027,3028 1228,3024 1526,3024 1638,3027 1668,3024 1678,3020 1682,3013 1681,2916 1672,2909 1631,2903 1512,2900 1426,2893 1325,2870 1266,2871 1232,2879 1211,2889 1174,2893 1118,2886 1065,2866 1035,2860 932,2860 896,2866 854,2879 835,2898"/>
                <Baseline points="828,2986 1682,2986"/>
                <TextEquiv>
                    <Unicode>Latus 30. γ. s. d.</Unicode>
                </TextEquiv>
            </TextLine>
            <TextLine id="tl_1768570296">
                <Coords points="749,451 750,530 768,538 1292,563 1942,564 1965,562 1970,551 1969,483 1965,474 1910,463 1746,472 1606,459 1419,459 1282,438 1253,430 1165,423 999,427 811,425 757,432"/>
                <Baseline points="749,528 1970,528"/>
            </TextLine>
            <TextLine id="tl_1768570312">
                <Coords points="773,561 773,618 782,631 831,641 881,642 1065,660 1196,661 1309,668 1719,669 1742,668 1751,662 1835,658 1896,662 1921,653 1957,651 1983,645 1980,640 1987,635 1991,617 1988,599 1939,575 1892,569 1583,563 1537,559 1347,559 1174,549 841,544 788,547 779,551"/>
                <Baseline points="773,637 1991,637"/>
            </TextLine>
            <TextLine id="tl_1768570314">
                <Coords points="782,579 782,621 791,636 859,646 933,647 1028,657 1386,667 1522,687 1620,694 1642,701 1814,705 1914,717 2330,718 2349,714 2358,694 2357,629 2352,620 2334,615 2093,617 1964,607 1939,596 1816,602 1784,595 1687,590 1681,581 1729,577 1556,570 785,571"/>
                <Baseline points="782,681 2358,681"/>
            </TextLine>
            <TextLine id="tl_1768570304">
                <Coords points="719,765 731,777 737,797 755,804 800,811 942,810 1461,833 1938,833 1951,831 1954,825 1954,768 1950,755 1936,746 1889,731 1695,724 1480,701 1365,703 1304,714 1137,713 1036,692 936,689 854,672 804,668 756,672 736,681 730,697 730,724 722,740 726,759"/>
                <Baseline points="719,791 1954,791"/>
            </TextLine>
            <TextLine id="tl_1768570311">
                <Coords points="784,817 787,867 806,874 833,877 1033,881 1392,906 1893,906 1903,901 1904,857 1901,849 1885,843 1818,837 1602,833 1246,818 1082,819 857,805 801,806 788,811"/>
                <Baseline points="784,880 1904,880"/>
            </TextLine>
            <TextLine id="tl_1768570306">
                <Coords points="782,901 785,906 781,931 784,944 815,965 789,970 786,976 791,977 866,976 876,966 911,971 995,973 1033,967 1114,970 1137,976 1431,996 1641,1020 1931,1021 1951,1019 1956,1010 1953,928 1936,918 1900,906 1818,909 1389,903 1263,894 1173,894 1055,884 944,881 836,882 792,892"/>
                <Baseline points="781,986 1956,986"/>
            </TextLine>
            <TextLine id="tl_1768570295">
                <Coords points="747,1029 766,1033 757,1040 776,1046 756,1056 756,1063 748,1069 761,1080 783,1085 1136,1097 1295,1110 1549,1108 1663,1116 2339,1121 2405,1119 2415,1113 2418,1102 2415,1025 2388,1018 2331,1015 1847,1016 1665,1011 1253,987 1172,977 815,970 756,979 751,984 753,995 766,1001 756,1006"/>
                <Baseline points="747,1081 2418,1081"/>
            </TextLine>
            <TextLine id="tl_1768570299">
                <Coords points="662,1173 665,1252 680,1261 743,1273 987,1270 1179,1281 1430,1288 1969,1286 1974,1279 1972,1186 1962,1179 1942,1175 1810,1177 1680,1188 1566,1188 1396,1171 1289,1170 1100,1147 1014,1122 961,1122 915,1131 868,1132 732,1119 684,1130 670,1140 665,1148"/>
                <Baseline points="662,1245 1974,1245"/>
            </TextLine>
            <TextLine id="tl_1768570277">
                <Coords points="768,1284 770,1334 804,1348 837,1354 1345,1375 1881,1376 1891,1371 1891,1321 1886,1313 1849,1304 1804,1300 1586,1292 1535,1287 1349,1283 1312,1279 1152,1279 1076,1271 925,1266 811,1267 777,1274"/>
                <Baseline points="768,1347 1891,1347"/>
            </TextLine>
            <TextLine id="tl_1768570294">
                <Coords points="748,1412 748,1430 753,1446 818,1457 1078,1457 1192,1463 1291,1462 1403,1472 1482,1470 1677,1476 1939,1476 1957,1471 1961,1462 1961,1406 1953,1391 1874,1381 1689,1376 1406,1378 990,1362 823,1362 759,1374 753,1383 756,1391"/>
                <Baseline points="748,1446 1961,1446"/>
            </TextLine>
            <TextLine id="tl_1768570298">
                <Coords points="760,1475 762,1538 774,1545 807,1548 1003,1549 1119,1553 1219,1563 1389,1564 1486,1569 1631,1567 1885,1571 1940,1569 1947,1561 1946,1500 1931,1488 1931,1484 1850,1477 1476,1468 1326,1460 834,1456 773,1460 764,1464"/>
                <Baseline points="760,1540 1947,1540"/>
            </TextLine>
            <TextLine id="tl_1768570281">
                <Coords points="752,1568 755,1629 776,1643 811,1648 984,1652 1194,1667 1490,1678 1926,1679 1934,1678 1938,1669 1937,1596 1919,1581 1713,1571 1451,1571 1233,1558 1033,1551 807,1551 761,1557"/>
                <Baseline points="752,1647 1938,1647"/>
            </TextLine>
            <TextLine id="tl_1768570285">
                <Coords points="764,1706 768,1716 786,1730 837,1754 956,1769 1419,1789 1899,1792 2386,1790 2408,1784 2417,1769 2416,1681 2391,1671 1429,1667 826,1651 775,1656 766,1661"/>
                <Baseline points="764,1756 2417,1756"/>
            </TextLine>
            <TextLine id="tl_1768570287">
                <Coords points="757,1893 760,1968 777,1977 826,1986 953,1987 1074,1995 1345,1995 1471,2001 1878,2002 1926,2001 1940,1995 1941,1919 1937,1908 1921,1899 1874,1896 1710,1905 1582,1899 1451,1899 1376,1895 1278,1883 1035,1875 976,1865 967,1856 939,1844 926,1825 909,1810 851,1796 815,1795 796,1811 787,1843 767,1856"/>
                <Baseline points="757,1948 1941,1948"/>
            </TextLine>
            <TextLine id="tl_1768570293">
                <Coords points="771,1996 771,2041 775,2053 792,2060 865,2071 1139,2077 1392,2073 1710,2078 1900,2072 1918,2069 1925,2059 1923,2019 1907,2010 1571,2003 1337,1991 1140,1993 795,1985 777,1989"/>
                <Baseline points="771,2054 1925,2054"/>
            </TextLine>
            <TextLine id="tl_1768570302">
                <Coords points="765,2083 764,2133 772,2148 798,2155 869,2162 915,2162 956,2167 1170,2166 1342,2175 1578,2169 1667,2177 1956,2177 1976,2172 1979,2165 1979,2085 1975,2076 1957,2070 1170,2076 819,2068 777,2072"/>
                <Baseline points="764,2149 1979,2149"/>
            </TextLine>
            <TextLine id="tl_1768570309">
                <Coords points="736,2240 741,2246 809,2257 1196,2261 1287,2269 1947,2270 1959,2268 1962,2262 1961,2207 1950,2197 1905,2189 1720,2181 1602,2171 1321,2174 1152,2164 796,2160 743,2167 737,2178"/>
                <Baseline points="736,2241 1962,2241"/>
            </TextLine>
            <TextLine id="tl_1768570282">
                <Coords points="751,2278 753,2313 761,2321 800,2334 806,2340 1001,2346 1084,2359 1153,2363 1191,2370 1241,2370 1273,2377 1822,2376 1911,2363 1932,2352 1937,2345 1936,2303 1926,2284 1842,2274 1699,2273 1484,2262 1357,2263 1244,2256 847,2254 764,2261 754,2266"/>
                <Baseline points="751,2344 1937,2344"/>
            </TextLine>
            <TextLine id="tl_1768570297">
                <Coords points="763,2389 764,2402 776,2412 852,2427 1418,2443 1870,2479 2441,2482 2449,2466 2445,2382 2421,2372 2057,2357 1825,2360 1704,2367 1384,2368 1105,2355 833,2351 778,2356 764,2371 771,2376"/>
                <Baseline points="763,2447 2449,2447"/>
            </TextLine>
            <TextLine id="tl_1768570290">
                <Coords points="675,2543 676,2608 685,2615 747,2626 935,2624 1424,2641 1928,2642 1940,2640 1947,2629 1944,2568 1889,2540 1702,2521 1510,2519 1384,2499 1283,2499 1202,2509 1112,2506 929,2469 743,2469 719,2478 704,2497 710,2503 709,2518 682,2530"/>
                <Baseline points="675,2598 1947,2598"/>
            </TextLine>
            <TextLine id="tl_1768570313">
                <Coords points="766,2649 767,2704 779,2712 808,2715 912,2713 1043,2720 1466,2718 1704,2731 1820,2732 1897,2727 1908,2718 1909,2666 1900,2656 1888,2651 1819,2646 1554,2645 1126,2627 919,2626 791,2633 770,2640"/>
                <Baseline points="766,2704 1909,2704"/>
            </TextLine>
            <TextLine id="tl_1768570289">
                <Coords points="762,2730 762,2796 766,2805 795,2815 858,2823 980,2825 1078,2832 1886,2833 1929,2829 1939,2821 1941,2812 1939,2738 1931,2732 1911,2729 1782,2729 1476,2714 1216,2711 811,2713 771,2718"/>
                <Baseline points="762,2801 1941,2801"/>
            </TextLine>
            <TextLine id="tl_1768570291">
                <Coords points="821,2933 827,2939 824,2946 829,2952 826,2961 833,2973 841,2999 862,3018 886,3027 912,3032 1003,3032 1132,3016 1292,3020 1321,3025 1369,3027 1525,3027 1635,3033 1673,3026 1680,3017 1682,3005 1681,2926 1676,2913 1668,2908 1637,2903 1542,2905 1447,2896 1365,2882 1331,2872 1294,2868 1242,2872 1199,2883 1165,2885 1102,2871 1080,2860 1058,2854 942,2854 881,2869 846,2887 837,2901 833,2914 827,2920 828,2927"/>
                <Baseline points="821,2986 1682,2986"/>
            </TextLine>
            <TextEquiv>
                <Unicode></Unicode>
            </TextEquiv>
        </TextRegion>
        <TextRegion id="region_253513850" custom="readingOrder {index:1;}">
            <Coords points="2676,0 5351,0 5351,3850 2676,3850"/>
            <TextLine id="tl_1755674079" custom="readingOrder {index:0;}">
                <Coords points="3245,507 3247,560 3261,568 3312,575 3837,576 4030,569 4338,579 4546,578 4558,568 4557,485 4548,479 4498,468 4451,464 4288,465 4160,452 4018,458 3919,446 3791,423 3729,424 3681,430 3653,440 3549,454 3447,452 3315,437 3291,444 3277,467 3251,485"/>
                <Baseline points="3245,540 4558,540"/>
                <TextEquiv>
                    <Unicode>Zu Sanndt Georgen tag drey schilling</Unicode>
                </TextEquiv>
            </TextLine>
            <TextLine id="tl_1755674065" custom="readingOrder {index:1;}">
                <Coords points="3240,557 5056,557 5056,705 3240,705"/>
                <Baseline points="3240,668 5056,668"/>
                <TextEquiv>
                    <Unicode>Zehen Phening so fur einnemen f. - s 3 d 10</Unicode>
                </TextEquiv>
            </TextLine>
            <TextLine id="tl_1755674066" custom="readingOrder {index:2;}">
                <Coords points="3224,957 3226,966 3352,968 3429,954 3522,949 3794,950 3918,943 4121,950 4275,948 4461,933 4501,927 4508,921 4507,824 4444,813 4095,802 3904,806 3806,815 3652,819 3600,812 3583,802 3528,787 3459,783 3268,800 3232,809 3226,816"/>
                <Baseline points="3224,921 4508,921"/>
                <TextEquiv>
                    <Unicode>Sigmundt Greiß Puchler Khasstecher</Unicode>
                </TextEquiv>
            </TextLine>
            <TextLine id="tl_1755674092" custom="readingOrder {index:3;}">
                <Coords points="4513,949 4497,942 4453,940 4135,949 3962,939 3776,946 3384,947 3321,953 3276,963 3273,1024 3291,1031 3558,1031 3687,1021 3837,1019 4145,1031 4470,1030 4497,1027 4512,1021"/>
                <Baseline points="3273,1008 4513,1008"/>
                <TextEquiv>
                    <Unicode>soll auß seinem Laden an sanndt Pet</Unicode>
                </TextEquiv>
            </TextLine>
            <TextLine id="tl_1755674095" custom="readingOrder {index:4;}">
                <Coords points="3292,1021 4546,1021 4546,1127 3292,1127"/>
                <Baseline points="3292,1099 4546,1099"/>
                <TextEquiv>
                    <Unicode>ters khirchen den Zinß Georgii vnnd</Unicode>
                </TextEquiv>
            </TextLine>
            <TextLine id="tl_1755674083" custom="readingOrder {index:5;}">
                <Coords points="4949,1115 4940,1103 4897,1095 4768,1089 4567,1099 4461,1112 4333,1119 3352,1120 3295,1127 3279,1135 3276,1207 3281,1226 3298,1235 3355,1248 3433,1256 4622,1257 4898,1251 4933,1247 4948,1238"/>
                <Baseline points="3276,1215 4949,1215"/>
                <TextEquiv>
                    <Unicode>Michaelis Alwegen Zwelf schiling d. f. 3. s. d.</Unicode>
                </TextEquiv>
            </TextLine>
            <TextLine id="tl_1755674067" custom="readingOrder {index:6;}">
                <Coords points="3144,1312 3143,1474 3150,1489 3165,1492 3553,1488 3867,1492 4006,1485 4448,1485 4514,1475 4529,1461 4530,1397 4525,1373 4460,1358 4251,1357 4064,1348 3963,1348 3759,1358 3595,1340 3464,1339 3400,1327 3384,1310 3352,1301 3333,1285 3283,1277 3189,1280 3157,1295"/>
                <Baseline points="3143,1436 4530,1436"/>
                <TextEquiv>
                    <Unicode>Georg Prunner Khasstecher ist gleichs</Unicode>
                </TextEquiv>
            </TextLine>
            <TextLine id="tl_1755674100" custom="readingOrder {index:7;}">
                <Coords points="3289,1475 4520,1475 4520,1577 3289,1577"/>
                <Baseline points="3289,1550 4520,1550"/>
                <TextEquiv>
                    <Unicode>fallß auß seinem Laden daselbst Zu</Unicode>
                </TextEquiv>
            </TextLine>
            <TextLine id="tl_1755674072" custom="readingOrder {index:8;} unclear {offset:31;length:7;}">
                <Coords points="4547,1584 4541,1571 4527,1567 4401,1562 3775,1564 3626,1573 3497,1574 3352,1586 3298,1595 3291,1604 3291,1657 3304,1665 3342,1669 3514,1669 3625,1683 3832,1691 4519,1693 4544,1691"/>
                <Baseline points="3291,1658 4547,1658"/>
                <TextEquiv>
                    <Unicode>betzallen schuldig Drey Phundt Phening</Unicode>
                </TextEquiv>
            </TextLine>
            <TextLine id="tl_1755674068" custom="readingOrder {index:9;}">
                <Coords points="4950,1708 4949,1691 4932,1678 4876,1665 4823,1663 4385,1682 3728,1679 3428,1672 3354,1675 3295,1687 3288,1693 3287,1769 3292,1775 3368,1785 3849,1790 4285,1802 4925,1802 4949,1795"/>
                <Baseline points="3287,1765 4950,1765"/>
                <TextEquiv>
                    <Unicode>so fur ein nemen ꞩ f. 3. s. d.</Unicode>
                </TextEquiv>
            </TextLine>
            <TextLine id="tl_1755674063" custom="readingOrder {index:10;}">
                <Coords points="3195,1902 3196,1968 3202,1992 3209,1998 3202,2013 3206,2029 3211,2035 3240,2047 3262,2051 3380,2044 3726,2050 3869,2045 3997,2049 4222,2046 4472,2049 4487,2045 4493,2038 4491,1968 4452,1957 4441,1949 4332,1935 3928,1922 3446,1934 3343,1915 3326,1901 3269,1888 3213,1890 3198,1895"/>
                <Baseline points="3195,2008 4493,2008"/>
                <TextEquiv>
                    <Unicode>Item die holden Zu Genstern dorf dienen</Unicode>
                </TextEquiv>
            </TextLine>
            <TextLine id="tl_1755674085" custom="readingOrder {index:11;}">
                <Coords points="3258,2061 3259,2127 3269,2133 3322,2140 3736,2153 4248,2142 4398,2154 4536,2153 4544,2145 4543,2068 4538,2063 4494,2050 4463,2045 4290,2041 3450,2039 3288,2044 3262,2050"/>
                <Baseline points="3258,2123 4544,2123"/>
                <TextEquiv>
                    <Unicode>Iarlichen Zway Phundt vier schilling Phenig</Unicode>
                </TextEquiv>
            </TextLine>
            <TextLine id="tl_1755674094" custom="readingOrder {index:12;}">
                <Coords points="3261,2132 4974,2132 4974,2274 3261,2274"/>
                <Baseline points="3261,2237 4974,2237"/>
                <TextEquiv>
                    <Unicode>die Ich fur einnemen Stelle Idest f. 2 s. 4. d.</Unicode>
                </TextEquiv>
            </TextLine>
            <TextLine id="tl_1755674064" custom="readingOrder {index:13;}">
                <Coords points="3220,2368 3222,2455 3234,2462 3288,2469 3578,2465 3828,2470 3893,2475 4160,2475 4416,2462 4510,2449 4524,2439 4524,2364 4506,2357 4171,2352 4037,2356 3942,2367 3753,2370 3623,2362 3519,2365 3459,2359 3416,2339 3405,2315 3394,2310 3331,2307 3277,2314 3261,2329 3228,2340 3222,2347"/>
                <Baseline points="3220,2433 4524,2433"/>
                <TextEquiv>
                    <Unicode>Hanns Siben würger huefschmidt auf</Unicode>
                </TextEquiv>
            </TextLine>
            <TextLine id="tl_1755674082" custom="readingOrder {index:14;}">
                <Coords points="3274,2476 3273,2527 3277,2546 3369,2556 3663,2562 3925,2577 4333,2578 4470,2572 4510,2564 4523,2552 4523,2469 4518,2464 4505,2462 4321,2466 3701,2467 3329,2462 3278,2469"/>
                <Baseline points="3273,2549 4523,2549"/>
                <TextEquiv>
                    <Unicode>dem Annger haubt gelt Achtzig Phundt</Unicode>
                </TextEquiv>
            </TextLine>
            <TextLine id="tl_1755674089" custom="readingOrder {index:15;}">
                <Coords points="3259,2557 4924,2557 4924,2717 3259,2717"/>
                <Baseline points="3259,2677 4924,2677"/>
                <TextEquiv>
                    <Unicode>Phening dauon der Zinß diß Iars f. 4 s. d.</Unicode>
                </TextEquiv>
            </TextLine>
            <TextLine id="line_1755679697581_2028" custom="readingOrder {index:16;}">
                <Coords points="3419,2849 3469,2782 3524,2775 3574,2775 3630,2783 3747,2809 3790,2813 3853,2813 4018,2799 4448,2804 4494,2813 4503,2822 4504,2916 4503,2941 4497,2954 4441,2972 4118,2977 3401,2949"/>
                <Baseline points="3429,2925 4504,2925"/>
                <TextEquiv>
                    <Unicode>Latus 12 γ. 7. s 10 d</Unicode>
                </TextEquiv>
            </TextLine>
            <TextLine id="tl_1768570286">
                <Coords points="3226,555 3240,568 3325,579 3967,577 4229,582 4533,581 4548,575 4554,564 4555,490 4546,476 4487,460 4333,458 4166,446 3958,456 3862,444 3771,426 3723,426 3537,448 3331,437 3280,441 3246,463 3229,505"/>
                <Baseline points="3226,543 4555,543"/>
            </TextLine>
            <TextLine id="tl_1768570288">
                <Coords points="5051,608 5044,582 5028,573 4956,561 4879,558 3293,576 3265,581 3254,592 3252,674 3261,694 3284,700 3899,700 4285,693 4944,700 5023,690 5046,680 5051,667"/>
                <Baseline points="3252,663 5051,663"/>
            </TextLine>
            <TextLine id="tl_1768570307">
                <Coords points="3212,834 3218,885 3235,904 3223,911 3224,917 3216,924 3218,932 3232,946 3274,955 3332,955 3444,946 4303,945 4488,933 4504,929 4511,918 4508,822 4489,811 4450,808 4346,808 4218,798 4114,797 3750,812 3650,812 3595,804 3556,788 3449,782 3373,792 3291,796 3276,803 3232,807 3218,815"/>
                <Baseline points="3212,911 4511,911"/>
            </TextLine>
            <TextLine id="tl_1768570310">
                <Coords points="3278,998 3279,1014 3297,1028 3330,1032 3614,1032 3754,1023 4181,1032 4470,1032 4506,1029 4516,1022 4518,953 4512,945 4462,940 4087,942 3958,937 3720,939 3356,935 3299,938 3283,949"/>
                <Baseline points="3278,1007 4518,1007"/>
            </TextLine>
            <TextLine id="tl_1768570284">
                <Coords points="3284,1067 3284,1103 3287,1110 3301,1118 3350,1124 3487,1129 4083,1131 4535,1123 4549,1118 4555,1108 4555,1061 4550,1035 4503,1029 4397,1031 4109,1024 3736,1022 3471,1030 3315,1041 3314,1046 3292,1052"/>
                <Baseline points="3284,1103 4555,1103"/>
            </TextLine>
            <TextLine id="tl_1768570292">
                <Coords points="4968,1165 4965,1123 4959,1111 4939,1103 4884,1095 4754,1094 4406,1115 3363,1119 3289,1133 3280,1186 3282,1216 3288,1227 3374,1245 3838,1257 4858,1258 4937,1255 4957,1248 4966,1239"/>
                <Baseline points="3280,1217 4968,1217"/>
            </TextLine>
            <TextLine id="tl_1768570279">
                <Coords points="3112,1441 3117,1450 3114,1458 3128,1467 3129,1474 3211,1484 4466,1480 4522,1470 4539,1457 4540,1408 4536,1393 4514,1377 4466,1360 4274,1360 4108,1350 3779,1350 3692,1341 3596,1323 3476,1324 3427,1314 3323,1272 3232,1265 3192,1272 3161,1289 3153,1304 3153,1350 3139,1370 3121,1378 3115,1392 3121,1401 3114,1409 3118,1416 3115,1427 3120,1434"/>
                <Baseline points="3112,1427 4540,1427"/>
            </TextLine>
            <TextLine id="tl_1768570283">
                <Coords points="4521,1491 4510,1483 4414,1475 3942,1474 3847,1480 3682,1476 3373,1478 3294,1488 3288,1506 3288,1561 3297,1574 3308,1578 3602,1580 3812,1572 4140,1571 4319,1563 4462,1562 4502,1558 4519,1552 4523,1542"/>
                <Baseline points="3288,1552 4523,1552"/>
            </TextLine>
            <TextLine id="tl_1768570280">
                <Coords points="4559,1588 4550,1579 4514,1566 4487,1562 3931,1562 3628,1573 3487,1572 3355,1579 3307,1587 3291,1598 3287,1608 3287,1637 3293,1660 3308,1667 3346,1673 3432,1671 3616,1682 3873,1690 4207,1693 4360,1686 4392,1692 4432,1692 4539,1684 4551,1680 4560,1668"/>
                <Baseline points="3287,1658 4560,1658"/>
            </TextLine>
            <TextLine id="tl_1768570305">
                <Coords points="4958,1709 4951,1688 4929,1673 4823,1659 4177,1678 3379,1668 3328,1671 3303,1678 3300,1760 3306,1770 3320,1775 3384,1779 4053,1788 4428,1801 4933,1802 4952,1796 4957,1785"/>
                <Baseline points="3300,1764 4958,1764"/>
            </TextLine>
            <TextLine id="tl_1768570303">
                <Coords points="3215,1906 3216,2031 3228,2040 3273,2050 3740,2053 3853,2045 4054,2050 4154,2047 4435,2050 4479,2046 4494,2040 4499,2033 4498,1973 4491,1963 4460,1955 4438,1943 4407,1938 4255,1929 4060,1932 3901,1918 3787,1919 3743,1924 3604,1921 3512,1929 3461,1928 3365,1914 3286,1882 3236,1883 3218,1895"/>
                <Baseline points="3215,2008 4499,2008"/>
            </TextLine>
            <TextLine id="tl_1768570276">
                <Coords points="3255,2072 3255,2110 3261,2131 3308,2141 3354,2144 3794,2150 4182,2138 4381,2148 4527,2148 4540,2143 4548,2134 4546,2070 4535,2060 4487,2048 3972,2040 3344,2042 3267,2048 3259,2052"/>
                <Baseline points="3255,2121 4548,2121"/>
            </TextLine>
            <TextLine id="tl_1768570275">
                <Coords points="4977,2167 4968,2145 4950,2139 4834,2128 3353,2137 3265,2146 3257,2150 3254,2181 3258,2226 3272,2234 3343,2250 3488,2260 3884,2271 4905,2270 4958,2265 4975,2253"/>
                <Baseline points="3254,2233 4977,2233"/>
            </TextLine>
            <TextLine id="tl_1768570301">
                <Coords points="3190,2384 3197,2413 3191,2418 3193,2425 3189,2430 3192,2448 3224,2460 3292,2467 3458,2464 3940,2473 4179,2472 4447,2463 4506,2453 4515,2448 4516,2365 4508,2355 4495,2351 4376,2352 4152,2344 4062,2347 3881,2367 3778,2369 3490,2351 3444,2339 3404,2318 3351,2311 3294,2312 3235,2325 3223,2342 3219,2364 3206,2372 3204,2379"/>
                <Baseline points="3189,2431 4516,2431"/>
            </TextLine>
            <TextLine id="tl_1768570308">
                <Coords points="3268,2480 3267,2530 3274,2546 3326,2555 3456,2558 3486,2564 3853,2570 3919,2575 4036,2571 4181,2577 4420,2576 4516,2564 4536,2549 4538,2541 4536,2473 4527,2466 4511,2463 4274,2466 4100,2463 3977,2467 3455,2463 3298,2467 3282,2470"/>
                <Baseline points="3267,2547 4538,2547"/>
            </TextLine>
            <TextLine id="tl_1768570278">
                <Coords points="3241,2578 3245,2663 3259,2678 3299,2692 3364,2703 3508,2713 3682,2707 4014,2715 4863,2709 4934,2703 4944,2685 4943,2579 4937,2570 4906,2563 3321,2556 3249,2564"/>
                <Baseline points="3241,2673 4944,2673"/>
            </TextLine>
            <TextLine id="tl_1768570300">
                <Coords points="3393,2944 3409,2958 3431,2966 3494,2969 4460,2968 4473,2960 4478,2945 4478,2816 4475,2807 4461,2798 4258,2802 3984,2790 3936,2797 3870,2819 3784,2826 3703,2817 3634,2786 3595,2774 3561,2771 3507,2774 3459,2786 3416,2824 3418,2831 3409,2839 3407,2862 3396,2873 3400,2907 3408,2914 3410,2922 3399,2929 3405,2937"/>
                <Baseline points="3393,2918 4478,2918"/>
            </TextLine>
            <TextEquiv>
                <Unicode></Unicode>
            </TextEquiv>
        </TextRegion>
    </Page>
</PcGts>
