5365 3836
721 348 1909 544 Iorg Lob Remanentzer gibt Ierlichen
755 539 1959 636 von ainem halben Ioch weingarten
751 626 1976 724 auf dem Ieust bey dem Oxengrieß so er
755 710 1968 814 leibgeding weiß Inen hat Zwayhundert
752 799 1918 929 Phundt Phening die alhie fur ein
775 885 2464 1021 nemen Idest f. 2. s. d.
705 999 2018 1162 Hanns vischer burger vnnd Fächter alhie
766 1146 1995 1251 ist Iarlichen schuldig von demselben
760 1237 2018 1351 Fachter ambt Bstanndt weiß Zugeben
752 1330 2454 1461 32 γ d. Idest f 32. s. d.
668 1481 2014 1622 Maister Charl münster Stain schneider
754 1603 1983 1709 hat auf seinem hauß hinder dem stat
758 1691 1974 1794 Casten bey Sannt Lorentzen ligundt
769 1787 1988 1908 40. γ. 6. s d. verschriben dauon Iarlichen
763 1874 1997 2010 2 γ d Zinß die alhie fur emphang
766 1977 2449 2103 gestelt f. 2. s. d.
727 2125 1986 2264 Fraw Magdalena weillundt herrn
767 2246 1946 2360 doctor Fictor Gampen seligen ge
764 2343 1975 2450 laßne wittib hat auf Irem Hauß
768 2436 2048 2570 am Khienmarckht 150 γ d verschriben
753 2527 1998 2662 dauon der Zinß Iarlichen 7. γ 4 s d
750 2648 2490 2823 Idest f. 7. s. 4. d.
862 2804 1785 2969 Latus 43 γ. 4. s. d.
3239 428 4602 559 Balthauser hofman hasplmaister ist schuldig
3309 548 4581 638 hundert Phundt Phening haubt gelt so Zuuor
3291 626 4615 722 Auf Georgen Kherwisch hafners hauß gelegen
3299 707 4601 803 dauon der Zinß funf Phundt Phening so
3297 788 5037 918 ich in Emphanng Nimb Idest f. 5. s. d.
3232 936 4625 1070 Bartlme Raidl Erben haben Auf Irem hauß
3290 1055 4542 1150 Zu der gulden Sun genanndt Sibentzig
3298 1138 4590 1234 Phundt d. satzgelt verschriben dauon der
3299 1224 4596 1330 Zinß Iarlichen drey Phundt vier schiling
3304 1307 4998 1461 Phening den Leuitten Zuegehorig Idest f. 3. s. 4. d.
3273 1453 4529 1595 Erhart Prigl 4
3238 1588 4518 1721 Stephann Himelreich 24
3274 1713 4505 1848 Leopoldt Farin die 12
3280 1846 4513 2001 Petter Ain öder 12
3238 2014 5073 2225 Vonn Irem garten vorm Khernerthor f. s. 1. d. 22.
3236 2205 4497 2371 Herr Cristoph haiden des Inndern Stat
3318 2341 4520 2474 rats hat leib geding weiß sechs vierttl
3237 2435 4478 2557 weingartten Zu sanndt veit genandt der
3251 2524 4506 2662 Topler Zu der Luna Stifft gehorig dauon
3264 2627 4957 2800 der Zinß Iarlichen Neun Phundt d Idest f. 9. s. d.
3456 2797 4292 2970 Latus 17. γ 5 s 22 d.
