4921 3832
762 314 1918 474 Raitthanndler gethonner Bricht
798 473 1905 585 vnd den Sechsten Iullii diß Iars
803 581 1938 697 darauf erganngenen Rathschlags
809 683 1838 790 noch drey vnd sibentzig gulden
815 788 1852 899 schuldig verbliben vnd Ime Zu
800 899 1881 1003 raichen verwilliget worden
762 993 1899 1101 die Er obgedachtem herrn Statt
750 1080 1943 1215 Richter Inn Abschlag seiner schuldt
765 1194 1930 1300 Anforderung Innhalt Cession
804 1292 1910 1399 den Anndern September negst
831 1405 1878 1516 hin alda bei Gemainer Statt
837 1512 1881 1613 eintzunemmen Cediert vnd
843 1615 1860 1718 übergeben hat Vermüg
823 1722 1907 1825 quittung Cession vnd herrn
756 1821 1920 1932 Raitthandler berichts Vidimus
956 1963 2488 2124 Idest f. 73. s - d -
812 2206 1956 2378 Den Funfftzehendten december
859 2372 1934 2481 gab ich dem Hannsen Gürßner
861 2481 2013 2587 der Zeit Organisten bey St. Steffan
858 2584 1939 2694 Alhie sein gewöhnliches holtz
865 2686 1988 2817 gelt Acht gulden dann auch
694 2914 1442 3140 Latus per See.
2998 363 4105 490 sein Depudat wegen des Cal
3005 487 4040 593 canten Sechs gulden Bringt
3007 578 4163 686 beedes viertzehen gulden Reinisch
3000 689 4174 796 vermüg seiner Zwo Quittung
3014 798 4646 960 Idest f. 14. s - d -
2935 1127 4114 1272 Den Achtzehendten december gab
2985 1256 4081 1367 Ich dem Hannsen Gürßner der
2983 1343 4077 1472 Zeit Organisten bey St. Steffan
2987 1437 4066 1559 Alhie sein quattember Besold
3015 1534 4145 1657 ung so sich Yetzt Natiuitatis ver
2997 1634 4153 1752 fallen Benenntlichen drey
2953 1729 4172 1876 Zehen gulden Reinisch vtt Quitt
2997 1814 4686 1963 ung Idest f. 13. s - d -
2947 2130 4048 2295 Den Zwaintzigisten december
3018 2250 4105 2375 gab ich dem Edlen vnnd hochge
3006 2349 4073 2490 lehrten herrn Mathiasen Ca
3006 2471 4045 2597 peller beeder Rechten doctor
2968 2562 4082 2707 Gemainer Statt Sindico vnd
3001 2665 4165 2801 Stattschreiber Alhie sein gewöhn
3004 2770 4115 2922 liches Deputat so Ime Iärlichen
2855 3003 4227 3246 Latus 27 f - s - d
