4955 3831
771 330 1844 470 Remanentzer sein auf diß
796 470 1813 579 Iar gebürendte besoldung
802 589 1903 688 Benenntlichen Ainhundert
809 698 1883 815 Phundt Phening vtt quitt
821 808 2457 948 ung Idest f. 100. s - d -
726 1067 1860 1260 In sinili gab ich yetzt bestimbten
795 1260 1875 1354 Lesten Monnatstag december
791 1351 1927 1458 dem Sigmundt Khauffman Ober
806 1455 1859 1566 Camerer Ambts schreiber sein
816 1567 1901 1681 gebürendte Iars besoldung be
804 1687 1976 1800 nennttlichen Zwaintzig gulden
791 1798 2468 1964 vtt quittung Idest f. 20. s - d -
710 2107 2012 2283 Mehrbestimbten Lesten december
823 2284 1998 2401 Stehl Ich hiemit in mein Auß
829 2391 2018 2514 gab von diser Sechtzehenhundert
838 2505 1953 2618 Zehent Iärigen Ober Camer
841 2608 1965 2728 er Ambts Raittung Zustellen
847 2708 1846 2842 vnd Zusstendten Zuschreiben
814 2917 2233 3153 Latus 120 f - s - d
3012 448 3990 566 die gebüer Benennttlichen
3021 566 3962 695 Zwaintzig gulden Reinisch
3049 678 4724 815 Idest f. 20. s - d -
3010 895 4151 1072 Den Lesten Tag december gab ich
3046 1076 4158 1181 dem Edlen vnd Ehrnuesten herrn
3034 1180 4057 1292 Hannß vlrichen Pendter der
3030 1292 4116 1404 Khünigl. Mtt. etc diener vnd
3029 1398 4141 1494 Gemainer Statt wienn Ober
3024 1487 4139 1608 Buechhaltter sein halb Iärige
3016 1601 4093 1724 Buechhaltter Ambts besoldung
3030 1695 4126 1818 die sich mit Einganng des Mon
3044 1816 4098 1923 ats Iulii Angefanngen vnd
3032 1923 4203 2041 mit Endtung diß Iars verfallen
3015 2033 4042 2137 Benenntlichen Ainhundert
3022 2146 4105 2254 gulden Reinisch vermüg sein
3019 2245 4005 2379 er quittung hiebeiligent
3024 2383 4667 2522 Idest f. 100. s - d -
2982 2612 4152 2796 Den bestimbten Lesten december
3001 2776 4147 2932 gab ich dem herrn Eliasen Purckh
2769 2995 4202 3299 Latus 120 f - s - d
