4804 4115
734 695 1892 916 gesambten Cantorn Zu St. Stephan
732 913 1879 1003 die Ihnen auf diß Iahr durch die
726 1001 1907 1076 gewöhnliche Zallungs täg betzalte ordi
732 1078 1915 1158 nari dienstbesoldung benentlichen ain
741 1155 1925 1238 taußent ain hundert drey vndt
731 1239 1955 1321 Achtzig gulden rh. Vermög deß herrn
732 1314 2000 1400 Iohann Winßauers alß Cantors
736 1338 2188 1495 geferttigten Quittung hiebey Idest 1183 f -
714 1536 1914 1663 Ingleichen Zalte ich obgemelten Herrn
737 1665 1902 1762 Winßauer auf dessen Quittung die
741 1755 1898 1840 Ienige fier die Cantorey Khnaben
741 1833 1924 1919 auf diß Iahr gewöhnliche Costgelt
751 1917 1881 1999 benentlichen Sechshundert Funfzig
744 1998 1974 2100 gulden rh. Lauth Quittung hie
741 2008 2199 2166 bey Idest 650 f -
665 2231 1918 2370 Abermahlen betzalte ich Herrn Ioann Win
747 2364 1922 2446 sauer die Ienige halb Iährige besoldung
740 2442 1935 2515 wegen der Verrichten sambstägigen
725 2506 1957 2584 Vnßer Lieben frauen lytaney am hoff
728 2583 1941 2658 an statt der gantzen Music welche
723 2650 1933 2724 angefangen hat den ersten Iunii Vndt
715 2720 1929 2796 sich geendet den lesten Nouembris dißes
718 2788 1913 2872 Sechshundert Siben Vndt Vierzigisten
716 2866 1982 2959 Iahrs Benentlichen mit Zway hundert fünff
704 2888 2269 3050 Vndt Zwainzig gulden Vt Q. hiebey Idest 225 f -
541 3158 1936 3467 Latus 2058 f. - s. d.
2763 600 4027 839 Ingleichen betzalt ich denen Priestern
2862 826 4000 913 Vndt leuten auf der Bischofflichen
2857 914 4001 993 Cur bey St. Stephann wegen der
2863 988 3985 1072 Verrichten Sambstättigen Vnßer
2856 1064 4019 1144 lieben frauen lytaney auf dem
2852 1144 4046 1223 Hoff ein Iährige Besoldung mit
2849 1219 4038 1312 dreysig gulden vermög Quittung
2872 1272 4323 1382 so hiebey Idest 30 f.
2731 2687 3431 2962 Latus per See
