4797 4108
740 894 1909 1026 bigen Iahr Hero weiter solcheß
752 1019 1909 1107 blaßen nit Verrichten thuen dahero
739 1101 1939 1186 Innen die Zehen gulden abgevörtzb
757 1143 2160 1277 sein Lauth quittung hiebey Idest 50 f -
750 1346 1930 1484 Den 12 Iunii bezalt ich denen In
747 1469 1930 1565 strumentisten bey St. Stephan
754 1559 1908 1646 wegen des Blaßen Von thurn das
743 1637 1902 1725 gebierende Quattember gelt Be
737 1717 1935 1809 nentlichen funffzehen gulden Ver
742 1735 2161 1905 mög Quittung so hiebey Idest 15 f -
673 1969 1936 2118 Den 15 dito Bezalte ich denen Instru
738 2113 1908 2215 mentisten daß auf diß Iahr ge
750 2208 1928 2289 bierenden Claider geldt fier ie
747 2289 1958 2372 den Zehen gulden Zusamben Benent
748 2366 1973 2468 lichen Sechzig gulden vermög quittung
756 2380 2180 2527 so Hiebey Idest 60 f -
713 2609 1939 2754 Den lesten Iunii bezalt ich die Ienige
737 2749 1922 2847 auf Weinachten quattember gebie
751 2844 1931 2933 rende vier gulden wegen richtung
754 2924 1887 3019 der Vhr den Thurnwachtern ver
757 2943 2196 3077 mog hiebey quittung Idest 4 f -
980 3149 2261 3395 Latus 120 f -
2821 739 4007 934 Den lesten dito bezalte ich widerum
2875 928 4006 1024 ben obbemelten Thurn wachtern we
2875 1017 3981 1113 gen leithung der Raths Klockhen
2885 1111 3993 1194 die gebierunde vier gulden Ver
2883 1167 4312 1297 mög quittung so hiebey Idest 4 f -
2811 1373 3984 1515 Den lesten dito betzalt ich ieztbesag
2843 1509 4025 1600 ten Thurnwächtern daß auf diß
2870 1592 3991 1674 Iahr gebierunde Klaider geldt Be
2882 1667 4000 1743 nentlich Acht gulden rh. vermög
2893 1718 4323 1843 quittung so hiebey Idest 8 f -
2850 1936 4000 2090 Den 3. 7ber Bezalt ich wegen des
2859 2084 4014 2177 von einem donnerstraich erschlage
2870 2170 4013 2265 nen Wachter destwegen außge
2878 2253 4010 2357 legten Vncosten Benent. Acht gul
2881 2342 3976 2434 den drey schilling Sechs pfening
2859 2423 4058 2515 Vermög hiebey ligenden Außzigl
2869 2507 3990 2594 vndt absonderlichen Anbringen
2877 2567 4526 2705 so alleß hiebey Idest 8 f. 3 s 6 d
2791 2791 4049 2978 Den 18 dito bezalt ich Hannß Georg
3017 2965 4547 3221 Latus 20 f. 3 s 6 d
