4770 4094
716 787 1897 1018 Den 20 huius Bezalte ich Beeden
745 1012 1866 1119 Thurn Wachtern wegen richtung
757 1110 1878 1208 der Vhr daß Innen auf Pfing
765 1201 1874 1280 sten Zuestehende deputat Benent
764 1281 1883 1379 lichen fier gulden Vermög quittung
767 1352 2131 1470 so hiebey Idest 4 f -
749 1517 1858 1652 Den 18 7ber Bezalt ich Hannß
752 1646 1826 1740 Geörg Pierling sambt seinen
745 1738 1831 1831 Mit Consorten alß Instrumental
728 1830 1865 1914 Musicis Bey St. Stephan wegen
729 1911 1876 2006 des Blaßen Von St. Stephans Thurn
736 2001 1876 2088 die gewöhnliche Quattember Be
725 2079 1864 2181 soldung Benent. funffzehen gul
712 2135 2138 2288 den Vermög hiebey quittung Idest 13 f -
662 2351 1906 2496 Den 24 dito betzalte ich ingleichen
732 2490 1895 2603 gemelten Instrumentisten Bey St.
730 2590 1907 2689 Stephan daß mit dißes Zu endt
739 2682 1894 2786 stehenden Iahrs gewöhnlich Rorate
726 2778 1886 2871 gelt mit Vier gulden vermög
734 2841 2167 2982 quittung so hiebey Idest 4 f -
946 3073 2171 3394 Latus 23 f -
2846 770 3926 947 Den Bemelten tag Bezalte ich bee
2836 943 3956 1050 den Thurnwachtern bey St. Stephan
2865 1034 3899 1135 wegen Richtung der Vhr die Zu
2861 1120 3933 1216 quattember Weinachten Ihrnen
2865 1214 3945 1295 gebierunde vier gulden Ver
2871 1264 4262 1393 mög quittung so hiebey Idest 4 f -
2791 1456 3952 1592 Lestlich. bezalt ich Hannßen Pierling
2863 1580 3985 1683 Cornetisten sambt seinen mit Consor
2871 1657 4006 1756 ten wegen deß Blaßenß am Stephans
2845 1731 3973 1833 Thurn daß verfallene Quattember
2835 1814 4001 1912 gelt benent. mit funffzehen gulden
2823 1857 4306 2016 Vermög hiebey quittung Idest 15 f -
2813 2078 3975 2221 Den lesten xber Stellte ich hiemit
2830 2208 3999 2292 in Außgab die Ienigen denen
2849 2286 3961 2372 gesambten instrumental Musicis Zu
2845 2366 3976 2449 St. Stephan Zu Iährlicher Besoldung
2837 2442 3992 2525 auf diß Iahr gebierende Siben hun
2832 2522 3997 2613 dert Achtzig gulden rh. Vermög hie
2855 2573 4265 2691 bey quittung Idest 780 f -
2798 2722 3968 2882 Den lesten dito Zalte ich ebenmessig
2890 2836 4331 3153 Latus 799 f -
