4758 4093
725 796 1911 1041 denen beeden thurnwachtern Zu
725 1030 1923 1122 St. Stephan die auf diß Iahr durch
746 1120 1887 1208 die gewöhnliche Zallungs täg bezalt
752 1208 1905 1291 Zway hundert acht gulden rh. Ver
734 1222 2217 1375 mög quittung hiebey benent. 208 f -
713 1383 1937 1505 Den 10 Zalt ich Hannß Geörg Pier
724 1502 1939 1574 ling sambt seinen mit Consorten
757 1577 1916 1660 alß Instrumental Musicis bey St.
744 1658 1918 1732 Stephan Innen die quattember
748 1732 1915 1804 liche Besoldung benentlichen
741 1800 1957 1889 mit Funffzehen gulden vermög
714 1796 2207 1983 hiebey quittung Idest 15 f.
590 2472 2041 2795 Latus 223 f. s. d.
2999 1686 4101 1826 Summa Außgab auf
3040 1812 4134 1970 St. Steffans Thurn vnd Vhr
2911 2003 4005 2232 Ø 1237 f. 7 s. 6 d.
