4813 4121
717 810 1930 1015 richen Schmelzer wegen eines erkhauff
735 1005 1930 1107 ten vndt Zu St. Stephan gegebenen
731 1096 1932 1182 Instrument sonsten vagat genandt
732 1178 1898 1278 Benentlichen fünffzehen gulden ver
740 1224 2189 1376 mög quittung so hiebey Idest 15 f -
672 1446 1857 1600 Den 9. Augusti Bezalt ich Maister A
697 1590 1844 1686 damen Stöckhl burger. Schnei
713 1689 1870 1778 dern fier Vndterschidtliche fier
707 1776 1911 1872 die Cantorey Knaben bey St. Ste
692 1866 1908 1950 phan gemachte arbeit Benentlichen
691 1945 1911 2040 Funffzehen gulden Vier Vndt Zwain
698 2036 1940 2139 Zig kreitzer vermög quittung so
736 2009 2329 2228 hiebey Idest 15 f. 3 s 5 d.
642 2268 1888 2431 Den 28 dito Bezalt ich Herrn Iohann
681 2417 1921 2529 Winsauer Capelmaistern Bey St. Ste
680 2526 1923 2621 phan die Quattemberlich Bsoldung
690 2612 1982 2709 an statt der Knaben Proceptor welcher
699 2705 1966 2798 angefangen Zu Phingsten vndt sich
695 2785 1931 2870 geendet Zu Michaeli Benent. Siben
731 2851 1949 2969 Vndt dreysig gulden Vier schilling Ver
746 2833 2317 3028 mög hiebey quittung Idest 37 f 4 s -
736 3032 1943 3171 Den lesten dito bezalt ich obgemelten
980 3093 2306 3393 Lattus 67 f. 7 s 6 d.
2859 798 4046 980 Herrn Iohann Winsauer Capelmaistern
2862 980 4028 1073 Bey St. Stephan die halb Iahrige Be
2877 1068 4052 1150 soldung an statt der Cantores wegen
2881 1148 4072 1240 Verrichten Gotts dienst bey Vnßern Herrn
2880 1233 4063 1323 welches angefangen den ersten Martii
2878 1319 4025 1405 Vndt sich geendet den lesten Augusti
2861 1399 4048 1487 diß Iahrs Benent. Siben Vndt drey
2875 1481 4005 1564 sig gulden Vier schilling vermög
2844 1543 4497 1684 quittung so hiebey Idest 37 f 4 s.
2869 1767 4088 1938 Den 16 7ber Bezalt ich Herrn Conradt
2833 1938 4059 2040 Khollman der Artzney doct. sein auf
2857 2029 4037 2129 daß Iahr wegen Curierung der
2847 2111 4043 2209 Cantorey Knaben verfallene Iars
2855 2201 4023 2291 Besoldung benentlichen Vierzehen gul
2852 2252 4347 2383 den vermög hiebey quittung Idest 14 f -
2832 2429 4030 2610 Den 14 8ber Bezalt ich Hannsen Heinrich
2839 2584 4019 2686 dischiger violisten bey St. Stephan we
2823 2669 4029 2777 gen Verrichtung der Gotts diennst alda sein
2836 2751 4009 2854 halb Iahrige deputirte Besoldung Be
2828 2840 3984 2942 nentlichen Zwainzig gulden Vermög
2813 2898 4340 3040 quittung so Hiebey Idest 20 f -
2908 3070 4461 3343 Latus f 71 f. 4 s -
