5153 3984
704 340 1855 490 Fünfzig gulden Reinisch von wegen
701 458 1905 579 Aines Ewigen Stiffts So die frau Gr
708 563 1854 686 affin Von Salm stillige Iarlich Zue
707 657 1864 774 Sandt Dorothea Zuehalten vnd dem
723 762 1895 913 Armen Ains Zuetheillen gestifft hat
712 870 2486 1032 Vt Quittung. f. 50 s - d -
696 1096 1928 1267 Den drytten tag Iunii betzalt ich dem
704 1240 1936 1363 herrn Greger Schausich selbst Burger
711 1341 1963 1483 vnd des Aussern Raths Alhie Anstat
678 1454 1960 1578 der frauen Margaretha Rollin Zue
697 1557 1961 1692 der Neu Statt die Verzinsung von Tau
704 1667 1972 1796 sent gulden Reinisch So Sy bey Gema
697 1775 1961 1920 imer Stat mit verZinsungen Acht gulden
716 1882 1872 2020 Vom hundert Ligundt hat so Auff
716 2006 1869 2130 viervndZwaintzig Maii verschinen
725 2116 2493 2279 Monat verfallen ist f 80 " - " -
720 2418 1890 2574 Dem Fünfften dito betzalt ich dem
719 2553 1917 2687 Babtista Kharatz Rom. Khay. Mt. etc.
691 2662 1894 2798 dienner die verZinsung von Sechs
731 2769 1920 2903 hundert gulden Reinisch So Er bey
726 2877 1869 3014 Gemainer Stat Auff verZinsung
723 3003 1936 3149 Syben gulden Von hundert Ligunt
675 3261 1933 3486 Latus f. 130. s - d -
3241 294 4428 464 hat vnd Auff fünfften Apprillis Ver
3236 446 4997 636 fallen gewest macht Laut Quittung f. 42. s - d -
3197 628 4346 795 Den Neündten dito Betzalt dennen
3212 771 4483 913 Schwerstern Zue Sandt Iacob von wegen
3189 868 4476 1015 der Iarlichen güldt das Quottember gellt
3187 984 4920 1161 Phingsten Verfallen macht Vt Quittung f. .35 " 4 " 14
3163 1227 4449 1390 Item dem Colman Fraunberger der Zeit
3224 1356 4402 1498 Als Ober Vatter der Armen Leuth Zu
3216 1453 4424 1602 Sant Marxs Betzalt ich Ain Quottem
3202 1568 4423 1702 ber gellt Von wegen des Stiffts so herr
3210 1688 4423 1837 Gabriel Khreutzer gestifft hat macht
3182 1810 4969 1940 Lauth Quitt f. 6 " 2 " -
3141 1969 4356 2149 Item Auff dato Betzalt ich dem Engel
3189 2115 4343 2247 hardtischen gebrüedern Samendtlich
3192 2234 4478 2372 Ir Quottember gelt Phingsten Verfallen
3207 2364 4934 2495 Vt Quittung f. 37 " 4 " -
3126 2575 4343 2741 Item Mer Betzalt ich dem Thoman
3183 2716 4369 2854 Thorer Prouiser in der Resten Neurschen
3167 2827 4329 2969 das Quotember gelt Phingsten von
3192 2946 4943 3104 wegen der Iarlichen güldt Laut Quittung f. 13 " 4 " -
3208 3190 4445 3376 Latus f. 134. s. 6. d 14.
