5140 3927
688 376 1855 538 Den Neundten Iunii Betzalt ich Ime
695 525 1868 622 auch von wegen der Polhamerischen
689 614 1857 743 Stipenntiaten das Quottember gelt
696 701 2496 873 Vt Quittung f. 5 s - d -
714 935 1912 1088 Dem Zehenden Iunii Betzalt ich denen
732 1061 1920 1196 Leuitten Zue Sandt Steffann Ir Quo
715 1177 1904 1315 ttember gelt Phingsten Verfallen
715 1278 2492 1449 Lauth Quittung f. 19 " 7 " 27
720 1495 1915 1640 Den Aylfften Iunii Betzalt ich dem Herrn
718 1615 1867 1744 Cristoffen Entzianer dem Iungern
693 1721 1946 1855 Zu Putmanstorff die VerZinsung vonn
682 1825 2040 1960 drey Tausent gulden Reinisch Ain halben
712 1933 1934 2071 Iar Zins mit Acht gulden Vom hundert
686 2052 1881 2190 dem Iar Nach Zueraitten Welcher
752 2160 1908 2295 halber Iar Zins sich den Zwelfften
758 2267 1951 2403 Maii verschines Monat geendet
742 2383 2530 2531 hat Vt Quittung f. 120 " - " -
726 2561 1995 2720 Item Betzalt ich Ime Ain halben Iar Zins
767 2694 1962 2825 von Ain Tausent gulden Reinisch So
759 2803 1984 2938 Er bey Gemainer Stat Auff verZin
764 2907 2035 3049 sung Acht gulden Vom hundert Ligundt
757 3024 2003 3158 hat vnnd sich Auff Ainvnd Zwaintzig dito
769 3142 2571 3276 Enden wierdt macht f. 40 " - " -
823 3337 2110 3578 Latus f 184 s 7 d 27
3198 340 4455 489 Den Aylfften Iunii Betzalt ich dem Seba
3216 474 4462 595 stian Hueber vnd Hulia Iagersperger
3209 582 4444 696 baiden Studiesten vnd Corralisten Apudt
3211 681 4420 825 Saluatorem das Quottember gellt Ph
3193 803 4450 931 ingsten Verfallen von wegen verrich
3216 917 4325 1029 tung des Gotts diennst Alda vnnd
3274 1016 4415 1164 des Peselters in der Cerwochen macht
3231 1148 4972 1289 Lauth Quittung f. 4 s - d -
3190 1311 4389 1479 Den Zwelfften dito Betzalt ich dem herrn
3218 1443 4429 1577 Augustin Rauch Cormaister Zue Sandt
3197 1558 4436 1684 Steffan das Quottember gellt Phingsten
3197 1669 4358 1801 verfallen Von wegen der Matur Vt
3194 1780 4945 1917 Quittung f. 7 " 2 " -
3198 2001 4362 2167 den Fünfftzehennden dito Betzallt ich
3202 2139 4420 2270 Ainem halben Iar Zins Herrn Laurenntio
3189 2253 4406 2401 Fullenio Beneficiaten Zue Sandt Ste
3195 2358 4434 2506 ffan Von Vierhundert gulden Reinisch
3190 2477 4340 2625 so Auff Herrn Marten Sybenburger
3198 2600 4410 2740 behausung Ligt Satzweis Verschryben
3210 2709 4373 2855 Zue Cunradt Zänckhl Stifft gehörig
3210 2821 4952 2977 macht Vt Quittung f. 8 " 6 " -
3255 3122 4464 3344 Latus f. 20. s. - d - ./.
