5167 4029
721 424 1933 563 von Wegen Satzgelt So auff dem Iorda
718 536 1904 668 nischen hauß Amb Iuden Platz Ligt
725 646 1895 772 Auff Viervnd Zwaintzig Apprillis ver
708 754 2516 896 fallen macht f. 12 s 4 d -
711 951 1896 1112 den zwelfften Maii Betzalt ich dem herrn
737 1091 1868 1221 hannsen Eberstorffer Burger Alhie
736 1176 1942 1329 Ain halben Iar Zins Von drey Tausent
741 1299 1945 1431 gulden Reinisch so Er bey Gemainer
735 1404 1980 1540 Statt mit VerZinsung Sechs gulden Vom
756 1514 1911 1670 hundert Ligenn hat macht Vt quit
766 1647 2539 1765 tung f. 90 " - " -
753 1870 1959 2042 den drey Zehenden dito Betzalt Ich herrn
760 2019 1940 2133 Petter Bruedern Paulliner ordens die
733 2112 1930 2255 gebürlich Iärlich Verzinsung von der Su
730 2216 1941 2345 ma gellts So Sy bey Gemainer Statt
745 2321 1980 2455 Ligenn haben Nemblich hundert gulden
755 2437 1994 2577 Vngerisch Zue Zehen Schilling macht
765 2563 2543 2707 Reinisch Vt Quittung f. 125 " - " -
769 2805 2014 2954 den Zwaintzigisten May Betzalt ich dem
789 2932 2026 3048 herrn Nicolauo Sanguin Beneficiaten
790 3029 2109 3160 Zum Rotten Khreuz sein Monat gellt
774 3135 2570 3283 May Vt Quittung f. 4 " - " -
753 3350 1922 3609 Latus f. 231. s 4 d -
3177 267 4403 448 Item Auff dato betzalt ich gleichfalls
3208 411 4425 547 dem Herrn Sebastiano Liechtl Auch Benefi
3244 525 4988 704 ciaten Zum Rotten khreuz Vt Quittung f. 4 s - d -
3239 755 4483 905 dem Viervndzwaintzigisten Maii Betzalt
3206 884 4512 1025 ich dem herrn Iacob Rath Ro. Khay. Mt.
3225 989 4519 1122 geweßner Secretary den Andern halben
3209 1100 4495 1251 Iar Zins Von Fünfftzehen hundert gulden
3191 1215 4531 1346 Reinisch So seine Stieff Khinder die hackh
3215 1326 4440 1449 lichen bey Gemainer Stat mit verZin
3217 1436 4459 1574 sung Fünff gulden Vom hundert Ligen
3232 1542 4435 1662 haben Vnnd Erst den Letzten tag dec
3223 1647 4483 1786 embris dits AchtvndsechZigisten Iar ver
3229 1761 4984 1935 fallen wirdt Vt Quittung f. 37 s 4 d -
3225 1991 4477 2144 den Achtvnd Zwaintzigisten dito Betzalt ich
3187 2112 4376 2255 dem herrn Doctor Georg Eder Ro.
3224 2227 4431 2367 Khay. Mtl. hoff Rath die VerZinsung
3240 2341 4394 2479 Von Neünhundert gulden Reinisch So Er
3246 2451 4423 2579 bey Gemainer Stat mit verZinsung
3225 2558 4474 2710 Fünffgulden Vom hundert Ligundt hat
3226 2680 4998 2821 macht Vt Quittung f. 45 " - " -
3226 2867 4402 3017 den Ersten tag Iunii Betzalt ich dem
3235 2996 4373 3144 Wolfgangen Zum Burger Alhie
3218 3250 4403 3511 Latus f. 86 s 4 d - ./.
