5110 4004
716 418 1942 567 Den dreyvndtzwainZigisten dito Betzalt
708 541 1880 666 ich dem herrn Lorentz Schänckherln
715 655 1916 775 Burger Vnd des Aussern Raths Alhie
718 749 1997 883 Ain Iar Zins Von Tausent gulden Reinisch
726 853 1910 982 So Er mit Verzinsung Sechs gulden
730 964 1907 1086 Vom hundert bey Gmeiner Statt
734 1069 2488 1241 Ligundt hat Vt Quittung f. 60. s. - d -
711 1291 1861 1456 Dem FünffvnndtzwainZigisten tag Iullii
725 1422 1899 1542 Betzalt ich dem herrn Sebastiano Liechtl
726 1520 1877 1643 Beneficiaten Zue Sandt Steffan für
743 1630 2492 1795 sein Monat gelt Iullii Vt Quittung f. 4 " - " -
766 1940 1923 2111 Den dreyvndtzwaintzigisten tag Iulii
745 2083 1906 2223 Betzalt Georgen hesthauer Burger
735 2198 1996 2326 vnnd Messinghandler alhie Ain halben
726 2304 1940 2446 Iar Zins Von Tausent gulden Reinisch
719 2430 1964 2553 So Er bey Gemainer Statt mit ver
725 2543 1949 2674 Zinsung Syben gulden Von hundert
730 2658 1897 2793 Ligundt hatt vnnd sich Erst Auff den
748 2775 1991 2925 Sybentzehenden tag Nouembris Enden
751 2905 2536 3067 wierdt macht Vt Quittung f. 35 " - "
713 3185 1949 3555 Latus f. 99. s - d - ./.
3178 343 4323 527 Dem Vierdten Augustii Betzalt ich dem
3202 513 4362 625 Leopoldt Veldtmair Burger Alhieden
3204 616 4343 743 Zins Von Tausent gulden Reinisch so
3194 729 4302 878 Er mit Sechs gulden Vom hundert
3213 841 4381 991 bey Gemainer Statt Ligundt hat Vt
3189 971 4966 1112 Quittung f. 60 s - d -
3182 1166 4371 1344 Dem Letzten tag Iullii Betzalt ich dem
3214 1312 4376 1449 Wolffgangen Erben Von Petterstorff
3172 1421 4398 1565 den Zins Von Tausent gulden Reinisch
3200 1530 4377 1679 so Er bey Gemainer Stat mit verZin
3211 1644 4360 1783 ung Syben gulden Vom hundert Lig
3171 1749 4932 1901 undt hatt macht Vt Quittung f. 70 " - " -
3154 1949 4367 2113 Disen Tag Betzalt ich der Frauen Catha
3213 2085 4434 2212 rina Waillandt Andreen Auers seiligen
3196 2197 4422 2343 gelaßnen Wittib den Zins Von Achthundert
3177 2316 4362 2466 gulden Reinisch So Sy bey Gmainer
3202 2430 4418 2577 Statt mit verZinsung Sechs gulden Vom
3219 2547 4330 2689 hundert Ligundt hat vnd sich auff
3193 2655 4464 2817 Sybentzehenden Iulii geendet hat macht
3193 2786 4951 2882 Vt Quittung f. 48 " - " -
3170 2894 4330 3054 Item Auff dato Betzalt ich Frauen
3195 3017 4356 3172 Margarethen Waillandt Cristoff
3216 3287 4411 3539 Latus f. 178 s - d - ./.
