5126 3982
670 355 1981 532 Den FünfvndZwainZigisten Iunii Betzalt
725 500 1862 626 ich Georgen Pech vnnd Wolffgangen
712 604 1946 735 Entzniger Zue Pertholtstorff Als Wail
717 704 1906 842 landt Lienhardten Khaunpergers ge
714 813 1866 933 weßnen Burgers deselbst seilligen
695 919 1918 1054 gelaßnen Khindern furgesetzte Ger
703 1026 1950 1165 haben den Zins von dreyhundert gulden
724 1138 1897 1261 Reinisch So Sy bey Gemainer Stat
735 1251 1887 1387 mit VerZinsung Fünff gulden Vom
726 1361 1934 1492 hundert Liguntt haben daruon Auff
733 1474 1955 1611 ZwenvndZwainZigisten Dito Ain Iar Zins
736 1583 2518 1761 verfallen ist macht Laut Quittung f. 15 s - d -
685 1832 1963 1984 Dem Sechsvnnd ZwainZigisten Iunii betzalt
713 1961 1936 2092 ich Bernhardt Raitten Khirchmaister
695 2066 1948 2214 Zue Sandt Steffen Thumb khirchen
726 2195 1951 2334 Alhie die VerZinsung Von Zway Tau
717 2309 1874 2445 sent gulden Reinisch Verschryben
719 2426 1849 2552 haubtsumma Zue Vnnser Lieben
715 2537 1885 2673 Frauen Bruederschafft Stifft gehorig
722 2663 1990 2809 Ain gantzen Iar Zins Auff dato Ver
728 2792 2531 2918 fallen macht f 100 " - "
741 3154 1844 3403 Latus f. 15 s. d ./.
3179 345 4467 508 Dem Zehenden Iulii bezalt ich dem Colman
3192 491 4462 619 Fraunburger der Armen Leut Zue Sanndt
3201 591 4341 727 Marxs geordtneten Ober Vatter in
3215 704 4434 826 Namen Gemainer Stat Wein hundert
3199 800 4413 934 gulden Reinisch So Auff den Iordanischen
3185 903 4379 1043 hauß Amb Iudenplatz Satzweis Ligen
3195 1017 4376 1150 Von Waillandt Veitten Genstetter se
3179 1126 4428 1262 iliger herüerundt vnd den Armen Leuth
3148 1240 4421 1388 daselbst gehorig Ain Iar Zins daruon Auff
3141 1369 4951 1523 dato verfallen f. 5 s - d -
3187 1617 4356 1778 Den zwelfften Iulii bezallt Ich Frauen
3193 1745 4281 1882 Margaretha waillandt Mathes
3192 1861 4436 1985 Prunhoffers seiliger verlaßne Witib
3168 1972 4361 2112 Ain halben Iar Zins von fünff Tau
3161 2085 4403 2225 sendt gulden Reinisch So Sy mit ver
3142 2205 4364 2347 Zinsung Acht gulden von hundert bey
3187 2319 4897 2454 Gmainer Stat Ligundt hat Vt Quittung f 200 " - " -
3096 2497 4415 2662 Den Vier Zehenden dito Bezalt Ich Frau
3164 2637 4437 2759 en Barbara Waillandt Andreen Hirschen
3171 2744 4372 2872 seilligen verlaßne Witib den Zins Von
3178 2850 4360 3000 vier hundert gulden Reinisch So sy bey
3196 2964 4366 3088 Gemainer Stat mit verZinsung Siben
3175 3074 4955 3224 gulden vom hundert Ligunt hat Vt Quittung f. 28 " - " -
3240 3268 4382 3508 Latus f 233 s. - d - ./.
