5124 3995
684 371 1986 548 Den ViervndZwaintzigisten Augustii Betzalt
684 538 1890 649 ich dem Ambrosi Gusterl Burger vnd
701 628 1930 759 Goltschmidt von Straubing Ain Iar Zins
714 739 1910 887 Von Zway Tausent gulden Reinisch So
715 856 1980 989 Er bey Gemainer Statt mit verZinsung
712 976 1954 1115 Acht gulden Vom hundert Ligundt hat
724 1101 2520 1257 macht f. 160 s - d -
707 1336 2051 1518 Den Fünffvnd ZwainZigisten dito Betzalt
715 1479 2100 1616 ich dem herrn doctor Steffan Schwartzen
708 1592 2001 1718 Ro. Khay. Mt. etc. hoff Rath Ain gantzen
710 1702 1890 1843 Iar Zins Von Sechs Tausent gulden
701 1807 1917 1956 Reinisch So Er bey Gemainer Statt
742 1928 1945 2055 Auff verZinsung mit Acht gulden Vom
752 2033 2022 2184 hundert Ligundt hat macht Vtt Quit
742 2165 2513 2285 tung f 480 " - " -
752 2364 1916 2519 Den Achtvnd Zwaintzigisten Augustii
772 2497 2000 2638 Betzalt ich Frauen Maria Waillandt
771 2606 2010 2751 Iacob Veyt Ro. Khay. Mtl. etc geweßnes
721 2730 1945 2855 Capellmaister Verlaßne Wittib so
752 2843 1955 2981 der Zeit Ernestum Gastner Ehrlichen
790 2960 1984 3103 hat Ain Iar Zins von Tausent gulden
797 3082 1990 3225 Reinisch So Sy bey Gemainer Statt
762 3298 1935 3544 Latus f. 640 s - d - ./.
3259 322 4451 478 mit VerZinsung Acht gulden Vom hundert
3214 463 4986 632 Ligundt hat macht vt Quittung f. 80 s - d -
3193 657 4353 827 Dem Letzten tag dits Monat Zalt ich
3189 812 4362 947 dem Sebastian Liechtl Beneficiaten
3218 929 4896 1095 sein Monat gelt Augustii vt Quittung f. 4 " - " -
3173 1104 4352 1283 Disen tag Betzalt ich dem herrn Nico
3208 1258 4433 1376 lauo Sanguin Corcaplan sein Monat
3180 1368 4888 1516 gelt macht vt Quittung f. 4 " - " -
3167 1647 4336 1817 Den Ersten tag Septembris dem herrn
3207 1792 4481 1922 Lorentz Carotli Thuemherrn vnd Custos
3221 1904 4352 2046 Alhie bey Sandt Steffan Betzalt ich
3223 2023 4452 2162 in Namen Gemainer Statt von Zway
3217 2143 4391 2300 hundert vnd Fünfftzig gulden Reinisch
3206 2265 4397 2413 So herr Lienhardtus Villinus doctor
3212 2387 4398 2550 seilligen geweßner Custos Alda Er
3189 2516 4403 2650 legt Ain gantzen Iar Zins So sich auff
3195 2634 4404 2790 Michaelis khinifftig Ennden wierdt
3210 2770 4977 2916 macht vt Quittung f. 12 " 4 " -
3177 2945 4364 3102 dem Vierdten dits Monat Betzalt ich
3218 3080 4427 3229 mich Aus dem Ambt Ainen gantzen Iar
3192 3283 4452 3520 Latus f. 100. s 4. d - ./.
