5620 3802
785 1063 1949 1559 Summa des Emphangen
1110 1483 1692 1565 Abfart gelts
1070 1529 1847 1712 Ø 140 γ s. d.
3398 68 4837 561 Purckhrechten
3859 536 4560 677 Zinnß diß Jars etc.
3447 822 4834 958 Item nach dem gemaine Stat merlay außgelich
3534 937 4818 1039 en vnnd anngelegtes satzgellt hat Iarlichen das
3534 1026 4867 1129 hunndert mit funnfen Zuuertzinsen dem nach wie
3540 1104 4821 1228 uill darann dises etc dreyvnndsechzigist Iar einge
3516 1193 4868 1323 bracht worden wierdet hernach von Possten zu Posst
3553 1298 4573 1434 en vnnderschiedlichen verstannden etc.
3470 1618 4890 1804 Item in Remanenntz Emphanng wierdet Vermischt
3539 1776 4877 1923 zwayhunndert funfzig Phunndt Phenning haubt
3547 1863 4859 2016 gellt so Georg Zenntzöder Rom. Kay. Mt. etc. Prug
3539 1973 4849 2132 ambts gegenschreiber Vmb wegen seines hauß
3544 2074 4836 2225 bey denn himel Porten gemainer Stat schuldig
3506 2179 4919 2359 Darzue veruallenn Allten Ausstenndigen Zinnß
