5438 3837
3063 195 4721 715 Jarliche vertzinß
3728 600 4245 739 unng Bezallt etc.
3358 890 4696 1066 Hienach volgen die Außgaben so von allters her vn
3442 1038 4690 1150 dter die Rubrigkhen der verzinnsunng geschriben
3448 1124 4696 1270 vnnd verait seint worden wie zuuernemen etc.
3328 1468 4682 1651 Namblichen hab ich dem dritten tag Ianuarii
3439 1631 4679 1775 dem herren Lorenntzen Villanio der Thuemb
3402 1736 4675 1895 herrn zu Sanndt Steffann Khor Capelann
3429 1855 4708 2024 Vmb das Er wochennlich daselbst Vier meß lesen
3427 1929 5397 2182 soll dise wochen Vt Quittung f. 1 s. d.
3288 2427 4214 2918 Latus per se.
