5723 3847
880 1201 2494 1592 Summa emphanng von Pennfalen
1261 1563 2269 1672 Ø 388 γ 7 s. 9 d.
3377 170 4858 656 Auß dem Zeug
3884 613 4554 750 haus Emphanngen etc.
3557 846 4818 1008 Aus Gemainer Stat zeughaus wierdet vnnd
3606 986 4824 1091 ers nichts Verkhaufft alß was zu zeitten den Sol
3599 1068 4825 1158 daten oder Khriegßleutten beschicht wie dann die
3613 1155 4553 1287 hernach geschriben Posst ausweist etc.
3544 1508 4772 1717 Adii denn lestenn tag Decembris dises etc.
3591 1665 4830 1825 dreyunndsechzigisten Iars, hab ich Auf mein
3578 1778 4849 1915 er herren, B. Vnnd Raths Verwilligenn dem
3570 1883 4801 2013 herren Spitlmaister, des Burger Spital so
3557 1988 4810 2148 Alhie Auf Zuerichtunng etlicher RörPrun
3571 2104 4830 2226 nen Von Gemainer Stat Zuegestellt, Zech
3567 2210 4784 2367 en Pleienn lanng gegossen Rören ge
3558 2327 4844 2513 wegen nach des Maister Felixen Vnndt
