5600 3870
1035 425 2180 604 Conrad Steub genannt so an
1048 561 2200 714 leschung der Pruggen beim Stub
1026 687 2203 843 enthor bey nitler nacht schadhafft
1021 791 2195 942 worden auf seinen erworbenn
981 907 2207 1062 Ratschlag weill dem Alß wir er
1054 1046 2204 1204 angetzaigt hilff gellt zallt zwenn
1051 1164 2705 1311 taller thuet f. 2. s. 2 d. 4.
1090 1362 1598 1615 Latus per se
900 1913 2100 2268 Summa Ausgab auff die
1128 2230 2118 2342 Torsteer vnnd Nacht wachter
1198 2326 2169 2460 Ø 4398 γ 2 s 23 d
3304 221 4691 750 Auf die Burger:
3849 687 4196 804 Schuell etc.
3410 997 4678 1144 Item hienach volgen die Ausgaben Auf gemain
3458 1100 4658 1201 er Stat Burger schuell zu Sannd Steffan dises
3463 1188 4681 1323 etc. dreyvnndsechzigisten Iars wie zuuernemen
3358 1471 4700 1667 Nemblichen hab Ich den funfften tag Mar
3438 1643 4694 1793 tii bemellten Iars dem Magister Iohan
3448 1738 4694 1906 nes Rechperger vnnd Magister Ionas
3405 1893 4659 2003 Sumer beeden Collegaten daselbst Ier
3437 1972 4681 2136 Quotember besoldung Reminiscere geg
3439 2082 4665 2245 en gebuerlicher Quittung bezallt sechs
4285 2242 5377 2542 Idest f. 26. s. d.
3450 2214 4708 2359 undzwaintzig Phunndt Phenninng
3457 2672 4198 3057 Latus per se.
