5660 3838
3295 125 4717 651 Vom Tafernenn
3465 818 4828 1013 Vnnd Wie wol Iärlichen Vill Sueß getrannkh
3524 979 4739 1138 Vonn Muscatell Raiffl Vnnd Wipacher
3505 1104 4765 1259 Auf Gemaine Stat Vom herren Burger
3525 1233 4791 1374 maister auch inns Ober Camerambt Auf
3501 1335 4750 1481 verehrung genomen Wie dann in disem
3508 1469 4778 1610 dreyunndsechzigisten Iar Vom herren Rai
3521 1579 4819 1710 munndo Strauben auf die Rabisch emphang
3514 1689 4770 1836 en weill Aber solche suesse wein Iarlichenn
3503 1825 4758 1935 mit denen hanndlßpersonen so die Alheer
3493 1925 4732 2071 bringen gegen Gemainer Stat Maut
3500 2036 4809 2177 vnnd geburnuß Abzuraitten sein Vnnd doch
3502 2134 4792 2267 dises bemellt Iar nicht beschechen khundtenn
3499 2253 4698 2399 wierdet solches Auf das khunfftig Iar
3508 2356 4766 2524 gegeneimannder richtig gemacht werdenn
3693 2588 4182 2882 Vacat
