5423 3827
3179 88 4682 587 Auf das Vnnder
3679 549 4252 719 Stat Cammerambt
3313 865 4629 1027 Hienach volgt was vnnd Wieuill Ich in disem etc
3428 977 4646 1104 Funtzehenhunndert dreyvnndsechzigisten Ihar
3452 1065 4646 1182 Auf das Vnnder Stat Camerambt Ausgeben hab
3449 1154 4637 1288 wie hernach vnnderschiedlichen zuvernemen
3440 1505 4651 1701 Erstlichen den zwelfften Ianuarii hab Ich dem
3416 1629 4584 1806 herren Sebastian Suessen Vnnder Camrer
3440 1737 4601 1886 Auf seines ambt nottufften zuegestellt,
3430 1824 5303 1949 Innhallt Beuelch vnnd Quittung f 400 s. d.
3368 2107 4658 2346 Item den Achtzechennden tag diß Monats hab
3421 2288 4653 2453 Ich dem dem herrn Vnnder Camrer Abermalß
3237 2711 4013 2955 Latus per se
