5560 3882
3444 188 4899 699 Auf der weingart
3904 649 4416 754 en vbereuter etc.
3519 896 4853 1092 Item so werden Iärlichen von Laurenti vnntzt
3613 1060 4832 1160 auf das weinlesens besrunnder Vberreutter ge
3609 1147 4835 1251 hallten welche darob sein sollten das die huetter
3604 1234 4833 1332 Vleissig huetten auch in den Weingarten nicht
3622 1306 4815 1401 schaden bescheche Ist diß Iars darauf geloffen
3628 1398 4834 1528 wie hernach vnnder schiedlich zuvernemen etc.
3552 1703 4831 1950 Item Alß Am Sunntag den fünfzech
3597 1894 4777 2064 en Augustii dises lauffennden drey
3541 2008 4860 2169 unndsechzigisten Iars die huetter in dem
3571 2147 4823 2297 Rathaus Vber die weingarten gesetzt
3588 2244 4862 2420 worden hab ich den herrn des Inndern
