5567 3859
3249 173 4770 676 Aus der Steuer etc
3810 635 4273 787 Emphanngen
3328 868 4786 1008 Hienach vollgt was vnnd wieuill Ich in disem drey
3450 1009 4758 1103 unndsechzigisten Iar Aus der Steur auf des ambts
3440 1100 4770 1199 notturfften emphanngen hab vnnderschiedlichen
3448 1198 4411 1325 beschriben etc wie zuuernemen etc
3327 1462 4763 1693 Namblichen dem Funfften Ianuarii vonn denn
3430 1672 4797 1776 herren verordennten Steurhanndleren in halb
3437 1766 4803 1899 en vnnd ganntzen Taleren haben gebracht zu Sib
3432 1829 5373 2056 enntzig khreutzern Vt Ratschlag ꞩ f. 1166 s 5 d 10
3318 2162 4781 2408 Denn Sibennzehennden tag Maii hab Ich aus der
3421 2343 4800 2549 Steuer emphanngen Ain tausent zwayhundert
3259 2665 4474 3026 Latus per se
