5584 3860
3181 148 4716 642 Von der Statt
3751 604 4271 760 Mauthaus etc.
3325 818 4756 1005 Wieuill Ich gellt von den herrn Mauthanndleren
3438 969 4785 1140 dises etc Dreyvnndsechzigisten Iars emphanngen hab
3369 1353 4790 1517 Item denn funftzehennden tag Martii hab Ich auf des
3441 1454 4765 1591 Ober Camer Ambtß notturfften emphanngen von den
3432 1559 4774 1705 herren Mauthanndlern In merlay munnß gegenn
3402 1593 5367 1788 Beuelch ꞩ f. 2000 s. d
3356 1991 4771 2208 Den dritten tag Iulii hab ich abermalß von denn
3436 2114 4811 2260 herren Mauthanndlern, auf des Vnnder Camerambts
3459 2202 4785 2348 notturfften emphanngen in mererlay Gellt Vnndt
3449 2260 5309 2465 Munnß hat gebracht f 800 s. d
3208 2631 4712 3065 Latus 2800 γ s. d.
