5521 3861
896 1266 2297 1636 Summa Ausgab auff Prunstern
1325 1621 2208 1756 Ø 115 γ 5 s 10 d.
3332 112 4769 680 Aufß Ausraisen
3469 846 4819 1038 Hiernach volgt was vnnd wieuill In disem etc Drey
3557 1017 4829 1112 unndsechzigisten Iars Aufs Ausraisen Ausgebenn
3573 1103 4590 1236 wirdet vnnderschiedlichen beschriben etc.
3522 1462 4859 1621 Vnndt Nachdem der Edl Ambrosii Eisenreich
3569 1594 4761 1745 Phleger zu hollennburg Wie Inn Em
3588 1714 4834 1867 Phanng des Enntlechennden gellts ver
3586 1818 4853 1994 stannden sechs tausennt floren das hundert
3552 1961 4831 2117 mit Acht Zuuer Zinnsen dargelichen hab
3542 2067 4863 2232 Ich denn Cristof Moser wechsler auf Ain
3542 2187 4875 2328 em Gut schi denn Neun Zechennden Iulii auf
3539 2324 4834 2502 Hollenburg Abgefertigt welicher solches
