5615 3821
3159 136 4689 635 Von den Tottenn
3696 596 4415 725 Guettern Emphanngen
3361 797 4712 983 Item es von allten her ain gar Löblicher gebrauch
3447 938 4681 1049 wenn ein guet im Burckhfridt gemainer Stat ge
3443 1007 4700 1125 biet vnnderworfften an erben sellig vnntzt auf der
3428 1091 4731 1223 erben annkhunfft zu der Stat hannden eingetzogn
3436 1182 4700 1292 vnnd all dann auf iere Legitimierunng Inen zue
3442 1265 4707 1373 gestellt wierdet oder Gemainer Stat Innhallt ierer
3435 1358 4683 1473 freyhait inhenndig bleibt demnach was diß Jars
3455 1432 4471 1572 geuallen wierdet hernach beschriben etc.
3380 1746 4706 1939 Hannß Schmidt Pinnter alhie weillunndt Cri
3465 1907 4722 2042 stoffen Springinkhlee Pinters säligen gelass
3466 1987 4685 2137 ner guetter Curator hat seiner Administri
3444 2087 4719 2233 onn Raittung gethonn vnnd herauß schuldig
3437 2196 4696 2353 gebliben sibenunnd dreyssig Phundt zwenn
3443 2312 4703 2503 schillinng siben Pfenning Daran Ich Ihme
