<?xml version="1.0" encoding="UTF-8" standalone="yes"?>
<PcGts xmlns="http://schema.primaresearch.org/PAGE/gts/pagecontent/2013-07-15" xmlns:xsi="http://www.w3.org/2001/XMLSchema-instance" xsi:schemaLocation="http://schema.primaresearch.org/PAGE/gts/pagecontent/2013-07-15 http://schema.primaresearch.org/PAGE/gts/pagecontent/2013-07-15/pagecontent.xsd">
    <Metadata>
        <Creator>prov=READ-COOP:name=PyLaia@TranskribusPlatform:version=2.23.0:model_id=291473:lm=provided:date=17_02_2025_18:49</Creator>
        <Created>2025-02-14T11:39:18.059+01:00</Created>
        <LastChange>2025-02-18T08:30:55.567+01:00</LastChange>
        <TranskribusMetadata docId="6914252" pageId="91551342" pageNr="402" status="GT" userId="234" imgUrl="https://files.transkribus.eu/Get?id=UWTBEHTOENUZBBQKHIOWSQCA&amp;fileType=view" imageId="76385292"/>
    </Metadata>
    <Page imageFilename="91551342.jpg" imageWidth="5692" imageHeight="3994">
        <ReadingOrder>
            <OrderedGroup id="ro_1739863855567" caption="Regions reading order">
                <RegionRefIndexed index="0" regionRef="region_156923994"/>
                <RegionRefIndexed index="1" regionRef="region_256923994"/>
            </OrderedGroup>
        </ReadingOrder>
        <TextRegion id="region_156923994" custom="readingOrder {index:0;} structure {type:page_1;}">
            <Coords points="0,0 2846,0 2846,3994 0,3994"/>
            <TextLine id="tl_1739533338" custom="readingOrder {index:0;}">
                <Coords points="869,1498 873,1576 964,1670 991,1847 1270,1796 2322,1804 2321,1729 2241,1706 1515,1680 1343,1621 1281,1575 1264,1358 1030,1361 877,1477"/>
                <Baseline points="867,1726 2322,1726"/>
                <TextEquiv>
                    <Unicode>Summa Ausgaben aufs Rorate</Unicode>
                </TextEquiv>
            </TextLine>
            <TextLine id="line_1739863772876_61" custom="readingOrder {index:1;}">
                <Coords points="1161,1790 1377,1790 1377,1877 1161,1877"/>
                <TextEquiv>
                    <Unicode>caeli</Unicode>
                </TextEquiv>
            </TextLine>
            <TextLine id="tl_1739533342" custom="readingOrder {index:2;}">
                <Coords points="1245,1916 1203,1926 1299,2017 1609,1942 2012,1998 2042,1871 2001,1845 1823,1821 1512,1879 1461,1872 1335,1898"/>
                <Baseline points="1200,1962 2042,1962"/>
                <TextEquiv>
                    <Unicode>Ø 14 γ s. d</Unicode>
                </TextEquiv>
            </TextLine>
            <TextEquiv>
                <Unicode>Summa Ausgaben aufs Rorate&#13;
caeli&#13;
Ø 14 γ s. d</Unicode>
            </TextEquiv>
        </TextRegion>
        <TextRegion id="region_256923994" custom="readingOrder {index:1;} structure {type:page_2;}">
            <Coords points="2846,0 5692,0 5692,3994 2846,3994"/>
            <TextLine id="tl_1739533337" custom="readingOrder {index:0;} headline {offset:0; length:14; continued:true;}">
                <Coords points="3232,881 3378,930 4706,869 4789,839 4842,736 4818,429 4645,434 4472,517 4238,455 4028,594 3894,618 3699,571 3634,422 3550,375 3356,449 3289,714 3234,759"/>
                <Baseline points="3232,789 4845,789"/>
                <TextEquiv>
                    <Unicode>Remanentz vnnd</Unicode>
                </TextEquiv>
            </TextLine>
            <TextLine id="tl_1739533347" custom="readingOrder {index:1;} headline {offset:0; length:22; continued:true;}">
                <Coords points="4485,855 3842,869 3810,883 3809,956 3925,983 4135,957 4485,956"/>
                <Baseline points="3809,948 4485,948"/>
                <TextEquiv>
                    <Unicode>Vnbezalte schulden etc</Unicode>
                </TextEquiv>
            </TextLine>
            <TextLine id="tl_1739533340" custom="readingOrder {index:2;}">
                <Coords points="4752,1380 4725,1279 3514,1282 3501,1334 3560,1416 4719,1387"/>
                <Baseline points="3497,1380 4752,1380"/>
                <TextEquiv>
                    <Unicode>Item hienach volgen etliche schulden, so mier in</Unicode>
                </TextEquiv>
            </TextLine>
            <TextLine id="tl_1739533345" custom="readingOrder {index:3;}">
                <Coords points="4745,1391 3548,1419 3565,1478 4745,1455"/>
                <Baseline points="3548,1452 4745,1452"/>
                <TextEquiv>
                    <Unicode>einganng dises etc Dreyvnndsechzigisten Iares</Unicode>
                </TextEquiv>
            </TextLine>
            <TextLine id="tl_1739533339" custom="readingOrder {index:4;}">
                <Coords points="4757,1469 3552,1481 3567,1564 4755,1520"/>
                <Baseline points="3551,1536 4757,1536"/>
                <TextEquiv>
                    <Unicode>fur emphanng khumen Aber noch auf dato vnbe</Unicode>
                </TextEquiv>
            </TextLine>
            <TextLine id="tl_1739533341" custom="readingOrder {index:5;}">
                <Coords points="4763,1543 3573,1550 3537,1561 3531,1638 4733,1619 4763,1584"/>
                <Baseline points="3531,1610 4763,1610"/>
                <TextEquiv>
                    <Unicode>zalt sein wie Ieder mit namen vnnd Summa</Unicode>
                </TextEquiv>
            </TextLine>
            <TextLine id="tl_1739533344" custom="readingOrder {index:6;}">
                <Coords points="4629,1613 3566,1624 3548,1721 3813,1739 4629,1695"/>
                <Baseline points="3548,1703 4629,1703"/>
                <TextEquiv>
                    <Unicode>vnnderschiedlich verzaichnet wierdet etc.</Unicode>
                </TextEquiv>
            </TextLine>
            <TextLine id="tl_1739533346" custom="readingOrder {index:7;}">
                <Coords points="3417,2242 3869,2267 4761,2211 4739,2124 4159,2090 3868,2144 3535,2029 3415,2066"/>
                <Baseline points="3415,2206 4761,2206"/>
                <TextEquiv>
                    <Unicode>Namblichen ist Hanns Reiter Registrator</Unicode>
                </TextEquiv>
            </TextLine>
            <TextLine id="tl_1739533343" custom="readingOrder {index:8;}">
                <Coords points="4823,2259 4744,2228 3574,2257 3539,2265 3538,2350 4298,2360 4436,2327 4796,2363 4823,2313"/>
                <Baseline points="3538,2330 4823,2330"/>
                <TextEquiv>
                    <Unicode>bey der Nider Osterreichischen Regierung</Unicode>
                </TextEquiv>
            </TextLine>
            <TextLine id="tl_1739533348" custom="readingOrder {index:9;}">
                <Coords points="4793,2376 4423,2329 3597,2365 3558,2388 3558,2474 4795,2445"/>
                <Baseline points="3558,2437 4795,2437"/>
                <TextEquiv>
                    <Unicode>schuldig von Ainhunndert floren, Vnng</Unicode>
                </TextEquiv>
            </TextLine>
            <TextLine id="tl_1739533349" custom="readingOrder {index:10;}">
                <Coords points="4781,2473 4627,2426 3594,2462 3529,2502 3545,2586 3769,2635 4082,2578 4312,2622 4625,2605 4781,2541"/>
                <Baseline points="3529,2582 4781,2582"/>
                <TextEquiv>
                    <Unicode>erischin gellt zu Ainndlif schilling Phen</Unicode>
                </TextEquiv>
            </TextLine>
            <TextEquiv>
                <Unicode>Remanentz vnnd&#13;
Vnbezalte schulden etc&#13;
Item hienach volgen etliche schulden, so mier in&#13;
einganng dises etc Dreyvnndsechzigisten Iares&#13;
fur emphanng khumen Aber noch auf dato vnbe&#13;
zalt sein wie Ieder mit namen vnnd Summa&#13;
vnnderschiedlich verzaichnet wierdet etc.&#13;
Namblichen ist Hanns Reiter Registrator&#13;
bey der Nider Osterreichischen Regierung&#13;
schuldig von Ainhunndert floren, Vnng&#13;
erischin gellt zu Ainndlif schilling Phen</Unicode>
            </TextEquiv>
        </TextRegion>
    </Page>
</PcGts>
