5719 4000
3106 352 4741 989 Auf das Maut
3590 914 4550 1032 vnnd Waghaus Außgeben etc.
3298 1232 4674 1468 Item Wiewoll hieuor Vnndter dem Auß
3396 1401 4621 1566 gelichen gellt verstannden das Ich dem
3402 1526 4624 1694 Maister Mathesen N. schloßer Auf die
3396 1633 4733 1804 new schuelwag im Mauthauß Ain gelt
3397 1757 4644 1926 furgelichen hab Aber Er die selben dises
3395 1872 4687 2033 Iars nit verrichten khunnen derhalben
3389 1998 4676 2192 auch alhie weitter darauf nichts Ausgeb
3410 2142 3835 2262 en wordenn
