5680 3996
895 1225 2191 1666 Summa der Ausgab auff
1276 1639 2038 1744 den Gluckh hafenn
1258 1698 2255 1855 Ø 5623 γ 7 s 15 ¼ d.
3307 282 4798 929 Auf das Rorate:
3912 872 4554 1013 Coeli Ausgeben etc.
3384 1202 4761 1460 Vnnd nachdem Jerlichen das Rorate caeli im
3522 1435 4743 1573 Aduent, durch die Canntorei figuriert,
3520 1532 4775 1681 Vnnd durch den thuerner darzue geblasen,
3511 1644 4755 1790 wierdet, hab Ich dem maister Lienharten
3506 1755 4787 1923 Khienper thuerner dauon zallt, sein gebür
3521 1767 5443 2092 nis gegen Quitung f. 3. s. 4. d.
3459 2141 4765 2368 Adii den Anndern tag Decembris hab Ich
3541 2320 4794 2526 dem Mathias Khramplsetzer Organist
3617 2584 4471 2944 Latus per se.
