5715 3836
866 1064 2424 1646 Summa der Steur und dienst
1304 1554 1790 1663 vor holden
1274 1601 2184 1773 Ø 35 γ 7 s. 6. d
3360 97 4959 587 Zeaintzig Einnem
4204 531 4401 640 enn etc.
3525 804 4887 926 Item so ist vil zeainngen auf mer ortt zu des ambts
3605 897 4903 992 notturfften diß dreyvnndsechzigisten Jars emphan
3607 988 4898 1107 gen worden, so nit aigen Rubrigkhen hat Namblich
3258 1248 4889 1497 Her Cristof Enntzianer hat erlegt von Peiler
3591 1458 4921 1580 thuern, denn halben Iar Zinnß Ieorig verual
3592 1539 5547 1768 len thuet funf Phunnd d. Idest f. 5. s. d.
3573 1854 4887 2065 Vnnd Nachdem Weylund Leopollt Wein
3590 2048 4896 2192 perger Zu Grintzing All sein guet Ar
3602 2159 4922 2345 men leutten verschafft darunndter sein frey
3496 2521 4555 2793 Latus per Se
