5748 3994
3123 350 4803 985 Auf Seuberung
3748 905 4497 1037 der Stat außgeben etc.
3392 1251 4743 1433 Item auf Seuberunng der Stat ist in disem gantz
3465 1390 4710 1495 en Funfzechen hunndert dreyvnndsechzigistenn
3482 1461 4743 1583 geloffen souill den Michel Völckhler vnnd seine Vnder
3455 1547 4728 1671 gebne kharren Fuerleit vnnd gehalltne tagwercher
3466 1639 4671 1768 bettrifft wie hernach vollgt etc Namblichen etc.
3390 2031 4756 2245 Am dritten tag des Monats Ianuarii hab
3442 2211 4674 2354 Ich obgedachtem Volckhler laut seiner Par
3357 2288 4776 2482 ticular Zetln Auf die Fuerleut Vnnd tag
3435 2291 5361 2638 wercher bezallt gebracht in gelt Alles f. 12. s 5. d 26.
3436 2683 4350 3105 Latus per Se.
