<?xml version="1.0" encoding="UTF-8" standalone="yes"?>
<PcGts xmlns="http://schema.primaresearch.org/PAGE/gts/pagecontent/2013-07-15">
    <Metadata>
        <Creator>prov=READ-COOP:name=PyLaia@TranskribusPlatform:version=2.23.0:model_id=291473:lm=provided:date=17_02_2025_18:49</Creator>
        <Created>2025-02-14T11:39:15.697+01:00</Created>
        <LastChange>2025-12-10T12:37:21.653+01:00</LastChange>
        <TranskribusMetadata docId="6914252" pageId="91551616" pageNr="390" status="GT" userId="261754" imgUrl="https://files.transkribus.eu/Get?fileType=view&amp;id=QHTDWJNWUKFYKWYIQRHDHTWG" imageId="76385284"/>
    </Metadata>
    <Page imageFilename="91551616.jpg" imageWidth="5664" imageHeight="3999">
        <TextRegion id="region_156643999" custom="readingOrder {index:0;} structure {type:page_1;}">
            <Coords points="0,0 2832,0 2832,3999 0,3999"/>
            <TextLine id="tl_1739533110" custom="readingOrder {index:0;} headline {offset:0;length:9;}">
                <Coords points="1006,732 1025,913 2196,903 2193,695 1918,679 1711,581 1472,692 1188,648 1068,577 1015,718"/>
                <Baseline points="1006,844 2200,844"/>
                <TextEquiv>
                    <Unicode>.1.5.6.4.</Unicode>
                </TextEquiv>
            </TextLine>
            <TextLine id="tl_1739533096" custom="readingOrder {index:1;}">
                <Coords points="2197,1408 2193,1278 2042,1249 1837,1286 1392,1253 1106,1312 842,1276 873,1394 1186,1446 1637,1402 2190,1419"/>
                <Baseline points="839,1396 2197,1396"/>
                <TextEquiv>
                    <Unicode>Mer hab Ich khaufft vom herrn Cristier</Unicode>
                </TextEquiv>
            </TextLine>
            <TextLine id="tl_1739533095" custom="readingOrder {index:2;}">
                <Coords points="2185,1514 2163,1410 944,1425 1005,1521 2179,1521"/>
                <Baseline points="938,1505 2185,1505"/>
                <TextEquiv>
                    <Unicode>no Tanntsteter des Inndern Raths</Unicode>
                </TextEquiv>
            </TextLine>
            <TextLine id="tl_1739533088" custom="readingOrder {index:3;}">
                <Coords points="2214,1529 986,1538 1007,1651 1497,1629 1749,1659 1876,1616 2213,1621"/>
                <Baseline points="986,1622 2214,1622"/>
                <TextEquiv>
                    <Unicode>Ainen in silber eingefasten gemahö</Unicode>
                </TextEquiv>
            </TextLine>
            <TextLine id="tl_1739533109" custom="readingOrder {index:4;}">
                <Coords points="2237,1687 2205,1650 1949,1615 998,1653 1015,1770 1905,1720 2132,1779 2235,1745"/>
                <Baseline points="997,1738 2237,1738"/>
                <TextEquiv>
                    <Unicode>stain mit Ainem bildt Vmb vierzig</Unicode>
                </TextEquiv>
            </TextLine>
            <TextLine id="tl_1739533090" custom="readingOrder {index:5;}">
                <Coords points="2295,1771 1861,1728 1482,1789 1357,1751 988,1774 1006,1888 1431,1902 2237,1862 2292,1844 2291,1782"/>
                <Baseline points="985,1857 2297,1857"/>
                <TextEquiv>
                    <Unicode>taler zu Achtvnndsechtzig khreutzern im haf</Unicode>
                </TextEquiv>
            </TextLine>
            <TextLine id="tl_1739533089" custom="readingOrder {index:6;}">
                <Coords points="2286,1961 2183,1870 1008,1902 1030,2002 2100,2015 2275,1975"/>
                <Baseline points="1008,1978 2286,1978"/>
                <TextEquiv>
                    <Unicode>en Aber Vmb Achtunndfunfzig flor</Unicode>
                </TextEquiv>
            </TextLine>
            <TextLine id="tl_1739533106" custom="readingOrder {index:7;}">
                <Coords points="2852,2002 2624,1957 2163,2002 1155,1987 1009,2009 1006,2157 1354,2193 2367,2167 2753,2145 2851,2092"/>
                <Baseline points="1006,2134 2852,2134"/>
                <TextEquiv>
                    <Unicode>en angeschlagen thuet die Ausgab Vt quittung f. 45. s 2 d 20</Unicode>
                </TextEquiv>
            </TextLine>
            <TextLine id="tl_1739533100" custom="readingOrder {index:8;}">
                <Coords points="2269,2271 1757,2233 950,2279 971,2423 2114,2414 2269,2367"/>
                <Baseline points="950,2373 2269,2373"/>
                <TextEquiv>
                    <Unicode>Item den selben Stain zu schatzen Laut der</Unicode>
                </TextEquiv>
            </TextLine>
            <TextLine id="tl_1739533107" custom="readingOrder {index:9;}">
                <Coords points="2883,2352 1025,2393 997,2575 2491,2605 2732,2585 2886,2486"/>
                <Baseline points="997,2540 2854,2540"/>
                <TextEquiv>
                    <Unicode>zetl bezallt Zwen s zwaintzig d. Idest f. s 2. d 20</Unicode>
                </TextEquiv>
            </TextLine>
            <TextLine id="tl_1739533105" custom="readingOrder {index:10;}">
                <Coords points="1081,2759 1098,2973 1548,2929 1805,2966 1934,2930 2131,2970 2127,2811 1691,2673 1253,2663 1090,2744"/>
                <Baseline points="1081,2896 2131,2896"/>
                <TextEquiv>
                    <Unicode>Latus 45 γ. 5 s 10 d</Unicode>
                </TextEquiv>
            </TextLine>
            <TextEquiv>
                <Unicode>.1.5.6.4.
Mer hab Ich khaufft von herrn Cristier
no Tanntsteter des Inndern Raths
Ainen in silber eingefasten gemahö
stain mit Ainem bildt, Vmb vierzig
taler zu Achtvnndsechtzig khreutzern, im haf
en, Aber Vmb Achtunndfunfzig flor
en angeschlagen thuet die Ausgab Vt quittung f. 45. s 2 d 20
Item den selben Stain zu schatzen Laut der
zetl bezallt Zwen s zwaintzig d. Idest f. s 2. d 20
Latus 45 γ. 5 s 10 d</Unicode>
            </TextEquiv>
        </TextRegion>
        <TextRegion id="region_256643999" custom="readingOrder {index:1;} structure {type:page_2;}">
            <Coords points="2832,0 5664,0 5664,3999 2832,3999"/>
            <TextLine id="tl_1739533101" custom="readingOrder {index:0;}">
                <Coords points="3438,546 3442,711 3502,728 4750,690 4730,552 3922,614 3443,532"/>
                <Baseline points="3434,678 4752,678"/>
                <TextEquiv>
                    <Unicode>Idem Vom maister Iacob Seyrl tischler Ain</Unicode>
                </TextEquiv>
            </TextLine>
            <TextLine id="tl_1739533092" custom="readingOrder {index:1;}">
                <Coords points="4759,703 3489,722 3490,839 3608,853 4053,793 4461,837 4758,788"/>
                <Baseline points="3488,811 4759,811"/>
                <TextEquiv>
                    <Unicode>hochs silber vergolltes Pecherl ohn Ain hull</Unicode>
                </TextEquiv>
            </TextLine>
            <TextLine id="tl_1739533091" custom="readingOrder {index:2;}">
                <Coords points="3478,851 3517,903 3484,943 3525,962 4130,902 4309,944 4736,915 4718,803 3493,836"/>
                <Baseline points="3478,920 4739,920"/>
                <TextEquiv>
                    <Unicode>wigt zweyunndzwaintzig Loth das Lot</Unicode>
                </TextEquiv>
            </TextLine>
            <TextLine id="tl_1739533093" custom="readingOrder {index:3;}">
                <Coords points="4793,928 4167,916 3507,970 3527,1050 4149,1006 4542,1052 4793,1010"/>
                <Baseline points="3507,1018 4793,1018"/>
                <TextEquiv>
                    <Unicode>Vmd Zechen schilinng d. thuet sibenundt</Unicode>
                </TextEquiv>
            </TextLine>
            <TextLine id="tl_1739533097" custom="readingOrder {index:4;}">
                <Coords points="3514,1172 3861,1185 4208,1131 4346,1165 4659,1138 4769,1084 4665,1039 4183,1012 3514,1085"/>
                <Baseline points="3514,1141 4769,1141"/>
                <TextEquiv>
                    <Unicode>zwaintzig Phunndt Vier schiling Phen</Unicode>
                </TextEquiv>
            </TextLine>
            <TextLine id="tl_1739533102" custom="readingOrder {index:5;}">
                <Coords points="4774,1147 4330,1165 4165,1132 3510,1210 3531,1278 4669,1267 4770,1236"/>
                <Baseline points="3510,1246 4774,1246"/>
                <TextEquiv>
                    <Unicode>ning Aber im hafen Angeschlagen Vmb</Unicode>
                </TextEquiv>
            </TextLine>
            <TextLine id="tl_1739533099" custom="readingOrder {index:6;}">
                <Coords points="5346,1287 4988,1191 4652,1258 3516,1290 3545,1451 4871,1447 5345,1358"/>
                <Baseline points="3514,1392 5346,1392"/>
                <TextEquiv>
                    <Unicode>Zweiunndreißig foren Idest wie oben f. 27. s 4. d.</Unicode>
                </TextEquiv>
            </TextLine>
            <TextLine id="tl_1739533111" custom="readingOrder {index:7;}">
                <Coords points="3441,1860 3519,1936 4743,1876 4722,1762 3444,1797"/>
                <Baseline points="3441,1890 4743,1890"/>
                <TextEquiv>
                    <Unicode>Item so haben die herrn verordennten des</Unicode>
                </TextEquiv>
            </TextLine>
            <TextLine id="tl_1739533108" custom="readingOrder {index:8;}">
                <Coords points="4750,1928 4215,1905 3533,1936 3539,2031 3725,2056 4008,2010 4418,2047 4747,2018"/>
                <Baseline points="3533,2016 4750,2016"/>
                <TextEquiv>
                    <Unicode>gluckhafenns die Zeit Ier hanndlung</Unicode>
                </TextEquiv>
            </TextLine>
            <TextLine id="tl_1739533098" custom="readingOrder {index:9;}">
                <Coords points="4748,2024 3578,2030 3531,2045 3528,2151 4295,2167 4748,2116"/>
                <Baseline points="3528,2129 4748,2129"/>
                <TextEquiv>
                    <Unicode>Ausgeben Innhallt Ierer Particular ver</Unicode>
                </TextEquiv>
            </TextLine>
            <TextLine id="tl_1739533094" custom="readingOrder {index:10;}">
                <Coords points="4770,2234 4755,2142 4663,2125 3525,2169 3530,2283 3633,2299 4306,2248 4515,2307 4769,2276"/>
                <Baseline points="3524,2263 4770,2263"/>
                <TextEquiv>
                    <Unicode>Zaichnus hat in Summa gebracht so Alhie</Unicode>
                </TextEquiv>
            </TextLine>
            <TextLine id="tl_1739533103" custom="readingOrder {index:11;}">
                <Coords points="5335,2299 5073,2187 4820,2186 4536,2256 3542,2299 3551,2430 3848,2457 4862,2453 5334,2387"/>
                <Baseline points="3542,2387 5335,2387"/>
                <TextEquiv>
                    <Unicode>fur Ausgeben steet in gellt f. 116 s. d. 29</Unicode>
                </TextEquiv>
            </TextLine>
            <TextLine id="tl_1739533104" custom="readingOrder {index:12;}">
                <Coords points="3614,2547 3614,2771 3663,2807 4207,2823 4284,2879 4401,2843 4501,2950 4685,2946 4666,2689 4170,2588 3995,2617 3822,2509 3623,2537"/>
                <Baseline points="3614,2842 4686,2842"/>
                <TextEquiv>
                    <Unicode>Latus 143 γ 4 s 29 d</Unicode>
                </TextEquiv>
            </TextLine>
            <TextEquiv>
                <Unicode>Idem Vom maister Iacob Seyrl tischler Ain
hochs silber vergolltes Pecherl ohn Ain hull
weigt zweyunndzwaintzig Loth das Lot
Vmd Zehen schilling d. thuet sibenundt
zwaintzig Phunndt, Vier schilling Phen
ning Aber im hafen Angeschlagen Vmb
Zweiunndreissig foren Idest wie oben f. 27. s 4. d.
Item so haben die herrn verordennten, des
gluckhafenns die Zeit Ier hanndlung
Ausgeben, Innhallt Jerer Particular ver
Zaichnus hat in Summa gebracht, so Alhie
fur Ausgeben steet in gellt f. 116 s. d. 29
Latus 143 γ 4 s 29 d</Unicode>
            </TextEquiv>
        </TextRegion>
    </Page>
</PcGts>
