5731 4003
3113 344 4902 987 Auf das Wechßl
3678 903 4306 1042 ambt Ausgeben etc.
3339 1270 4783 1460 Item in disem Funfzechenhunndert Dreyunndt
3433 1417 4767 1529 sechtzigisten Iar ist auf das Wechslambt Außgeben
3426 1507 4800 1664 worden wie hernach vnnderschiedlichen beschriben
3264 1909 4715 2180 Erstlichen den funfften tag Ianuarii ietz
3263 2127 4770 2248 bemelltes dreyunndsechtzigisten Iars habe
3341 2211 4702 2378 Ich dem Cristof Moser Gemainer Stat
3366 2343 4834 2484 Wienn Wechßlhanndler Auf des selben ambts
3385 2450 5360 2680 notturfft zuegestellt Vt Quittung f 400 s. d
3445 2746 4272 3181 Latus per se.
