5659 3907
3323 140 4876 660 Harinng vnnd Kas
3764 601 4313 740 Stecher Recht etc.
3432 839 4799 1007 Item zuuernemen das der harinng Stanndt
3517 979 4827 1084 diser Zeit fur ainunndzwaintzig vnnd des Khässtech
3522 1075 4784 1166 er recht viervnndzwaintzig wen ainer darauß
3508 1162 4787 1257 ledig muessen sich die Nachkhomen mit gemainer
3515 1270 4804 1350 darumben von neuen vergleichen Namblichen von
3528 1351 4622 1499 Iedem Zechen Phunndt Phenning geben etc.
3467 1692 4753 1850 Dem Ainunndzwaintzigisten tag Apprilis
3475 1824 4791 1947 Ist Anndre Alber Alhie Burger worden, Vnndt
3511 1915 4781 2055 hat auf seinen erlanngten Ratschlag, für das
3520 2031 4757 2171 Khasstecher Recht, nur halben thaill erlegt, in
3505 2120 4773 2288 Annsechung, sein Vatter Albrecht, Alber se
3508 2207 5475 2459 ligen das recht Auch gehabt thuet f. 5. s. d
3385 2649 4397 2962 Latus per S.
