5709 4015
3496 325 4792 893 Inuentarii Ver
3917 858 4285 975 handen etc.
3469 1090 4857 1294 Item wiewoll ich in Einganng diser meiner
3561 1213 4871 1363 Raittunng hieuor in Emphanng Vbernom
3585 1329 4881 1457 en hab merlay silber geschmeidt vnnd Clainetl
3590 1412 4891 1564 so zu enndt des verschinen zwayunndsechzigisten
3568 1521 4835 1666 Iars in Ambt verhannden gewesen, weill
3571 1639 4871 1768 Aber daselbig Alles diß Iars mit verehrunng
3577 1714 4882 1877 auch dem Freyschiesen, vnnd gluckhhafen hin
3597 1832 4876 1975 aus khumen, wie Vnnder selbigen Rubrig
3589 1930 4891 2078 khen zu sechen, so stelle Ich alhie für nach verhannd
3591 2035 4924 2186 en in Ausgab Ain Silbere khetten, mit Zechen
3590 2163 4892 2291 silberen schillten, sambt etlich Annhangend
3572 2252 4816 2423 en silberen Phenningen, Wigt Alles zwo
