5719 3837
3320 109 4894 634 Abgelöst Purckh
4013 586 4209 700 Recht
3464 772 4788 970 In disem etc Dreyunndsechzigisten Iar ist nit mer
3534 933 4751 1104 alß nachuolgennd Purckhrecht abgelöst worden
3436 1250 4787 1481 Item Steffann Prager Khurschner hat Zu Ge
3517 1419 4774 1583 mainer Stat grunndtbuech erlegt, Zway
3510 1534 4797 1692 hunndert Phunndt Phenninng Zu Weilundt
3514 1624 4826 1815 Steffann Sträse stifft gehörig B. Vnnd Rath
3509 1745 4814 1917 Lechen schafft Weliche Aber dem herren Fran
3525 1866 4737 2040 zen Iglshauer dem Elltern Stat schreiber
3518 1964 4827 2133 Auf des haiden hauß beim Rathauß Vt Satz
3503 2084 4768 2265 brief gelichen, derhalben stell ich soliche Su
3517 2213 4765 2414 ma gellts, alhie für Emphanng, Vnnd Vn
