5653 3834
3260 159 4741 693 Von der Statt
3665 599 4645 783 Grunndtbuech Emphanngen etc.
3351 873 4724 1078 Wieuill Iedes Iars bey gemainer Stat Grunndt
3474 1011 4704 1151 buech vnnd satzbuechern in förtigunnd der ge
3477 1096 4731 1257 weren Pargellt gesellt das wierdet Albegen An
3453 1204 4760 1366 sannt Thomas abennt inns OberCamerambt
3486 1308 4716 1489 emphanngen Ist diß Iar gewesen wie vollgt
3460 1639 4739 1858 Item Nachdem meiner Benedige herrn Burg
3496 1792 4690 1949 ermaister vnnd Rath Alhie zu Wienn denn
3491 1875 4759 2056 funnften tag Nouembris verschines sechzig
3493 1992 4752 2170 isten Iars herren Leonnhardten Weidner
3480 2127 4719 2290 thumbherren daselbst weillunndt hanns
3478 2214 4728 2403 en Ambstorffer stifft Benefitium verlichenn
3466 2335 4750 2537 darzue gehort neben Anndern Ain hauß
