5754 3868
3327 101 4907 615 Von dem Wechßl
4014 567 4627 704 ambt emphanngen
3497 812 4875 1003 Wielanng der wechsl dises Dreyvnndsechzigisten
3628 972 4851 1062 Iars getriben vnnd was daraus gemallen, wier
3630 1047 4912 1199 det hernach mit vnnderschiedlichen Posten beschriben
3601 1386 4867 1587 Adii denn funfften tag Ianuarii Erlegt
3594 1555 4890 1702 Cristof Moser gemainer Stat Wienn Wech
3619 1665 4825 1800 slltanndler inns OberCamerambt den
3621 1785 4830 1916 Rest so Er laut seiner Raittunng des
3612 1871 4869 2041 verttigen funfzehenhunndert Vnnd des
3608 1987 4797 2157 zwayunndsechzigisten Iars herauß
3625 2103 4915 2280 schuldig bliben, zweiundreyssig Pfundt
3611 2232 4858 2412 Ain schillinng zwaintzig Phenninng
4474 2349 5506 2569 Idest f. 32 s. 1 d 20
3467 2640 4563 2938 Latus per Se
