5600 3872
3188 196 4781 762 Außgelichen gellt
3431 976 4707 1177 Item dises dreyunndsechzigisten Iars Ist
3479 1156 4716 1258 uolgunnd Pargellt von gemainer Stat auf
3497 1239 4734 1403 Beuelch merlay Personen dargelichen worden
3422 1585 4724 1855 Item denn Sibenden Ianuarii dises lauf
3479 1807 4708 1945 fennden dreyunndsechzigisten Iars hab
3459 1887 4714 2054 Ich dem Laurenntio Egkhen der Khnaben
3495 2007 4706 2174 in der Canntorey Preceptori Auf seinen
3471 2120 4751 2312 erworben Rathschlag zu seiner Promotion
3457 2263 4749 2439 Ad gradum Magisterii gegen Ainer Ob
3435 2314 5428 2688 ligation dargelichen 30 γ d. Idest f. 30. s. d.
3447 2626 4262 3076 Latus per se.
