5681 3819
3277 158 4825 704 Auf das Rorate
3961 635 4231 754 Coeli etc.
3458 865 4789 1029 Item Wieroll noch des verschinen, Achtunndt
3531 1030 4798 1141 funfzigisten Iars, mier Purch meine herrenn
3530 1123 4803 1254 B vnnd Rat bevelchen, das Rorat Calt im Ad
3549 1232 4825 1371 nennt, mit der Ausica Sollemitter Zu zallt
3553 1339 4825 1477 en so haben, doch Vnntzther Iarlichen getherzig
3539 1450 4803 1576 Personen, der hof darzue geben, wie dann diß
3541 1564 4806 1718 far auch beschechen, Vnnd mer die Erber, fur
3538 1680 4785 1817 Khilian Sammerin eingebracht hilfgellt, Vb
3545 1792 4803 1939 er etlich außgaben, so drey Phunndt Ainunnd
3533 1913 4813 2048 zwaintzig khreuter bracht dem Vberes zue
3536 2037 4814 2174 gestellt, Zehen Phunndt Vier schilling zwee
3529 2145 4749 2281 Phening Wa Aberentgegen Ausgeben
3521 2243 4775 2427 wierdt in Ausgab befunndten thuet Alß
3537 2261 5491 2549 wirdt in die gest. f. 1 s 4. d 12
3483 2674 4579 2965 Latus per . d
