5721 3833
3433 96 4923 584 Steuer vnnd diennst
3993 518 4463 645 von Holdenn etc.
3506 764 4890 930 Wieuill Steuer vnnd Diennst dises etc Dreyvnnd
3628 918 4877 998 sechzigisten Jars von Gemainer Stat holden einge
3629 993 4610 1123 bracht worden steet hernach beschriben
3562 1267 4855 1487 Item Erhardt Pintter Zu Bennsterndorff
3610 1433 4879 1579 Richter hat die gebürlichen vermallen, diennst
3604 1550 4884 1698 zu Steffann Leittners stifft Georgii vermall
3607 1641 4894 1806 en heut denn sechsvnndzwaintzigsten App
3605 1763 5531 1964 rillis ohn Abganng enntlich vnnd bezalt f. 4. s 5. d.
3464 2007 4881 2249 Denn Lesten tag des Monats Maii hat Bla
3621 2204 4920 2397 sii Irenfridt Richter Zu harras den diennst
3392 2541 4666 2857 Latus per S.
