5520 3874
913 1275 2313 1658 Summa Ausgab aufs Ausraisen
1155 1624 2053 1724 Ø 12 γ s. 8. d
3312 150 4773 697 Peckhen Vnnd
3797 632 4493 793 Mullner Aufsecher etc.
3422 977 4734 1115 Item so Ist dises etc Dreyunndsechzigisten Jares
3488 1102 4749 1177 auf ietzgemellt aufsecher Ausgeben worden wie
3495 1177 4748 1308 hernach von posten zu posten Zuuernemen etc
3370 1551 4735 1695 Den Vierunnd zwaintzigisten tag Ianuarii
3490 1684 4756 1800 dises etc funfzechen hunndert dreyund Sechtzig
3506 1779 4767 1917 isten Iars hab Ich Sigmunnden Schmierer
3489 1875 4773 2019 brodtbschauer khaufft auf seines Ambts not
3495 1984 4759 2141 turfften von etlichen Peckhen Prob semellen
3459 2113 4787 2253 Innhallt Particular Zetl gebracht drey schil
3442 2176 5400 2433 linng Phenning Idest f. s. 3. d
3597 2503 4362 2995 Latus per se.
