5951 3898
3620 171 5296 750 Auf der Stat Zeug
4131 673 4755 820 haus Ausgeben etc.
3717 960 5132 1190 Item In disem Funftzechen hunndert Dreyundt
3829 1140 5144 1246 sechzigisten Iar hab ich auf gemainer Stat Wienn
3876 1221 5115 1325 new Zeughaus auch vmb Rustunng vnnd Har
3886 1305 4845 1435 nisch ausgeben wie hernach volgt etc.
3722 1695 5074 1941 Erstlichen hab Ich am Sibennden Ianuarii
3800 1850 5126 2025 Vom Hannsen Hofler Vnnd Allexannder
3802 1967 5114 2129 Reichardt weilunndt des Baptista Conn
3858 2102 5136 2240 dinn verlaßner gueter Curatorn khaufft
3869 2212 5153 2366 vierunnd funfzig Vnngerisch neu Sturmb
3873 2189 5810 2581 hauben Aine per siben s d Vt quittung f. 47 s 2 d
