5691 3817
3296 180 4870 696 Von dem gehalten
3792 657 4476 787 Freyschiessen diß Jars etc.
3509 916 4787 1065 Item ist hieuor bemelt welcher massen gemaine
3572 1044 4793 1132 Stat etc diß Iars hab nach gehalltem triumph derr
3573 1121 4830 1224 Röm. Khu Mt. etc einbelaittung Ier Mt. etc. zu ehren
3590 1223 4782 1309 auch ain Freyschiessen vnnd gluckhaffen ausge
3579 1299 4789 1395 schriben vnnd aufgericht worden Demnach was
3576 1390 4785 1473 bey derselben Freyschiessen gemainer Stat aus
3579 1472 4818 1557 den gehallten Freidenspillen zu hilf eruolgt Ist etc.
3581 1552 4833 1637 hernach Postweis zuuernemen alß Nämblichen
3591 1634 4819 1771 Vmb die gemacht arbait aus zin Emphanngen
3365 1897 4797 2162 Denn sechs vnnd zwaintzigisten Augustii hab
3511 2106 4845 2236 Ich das gellt so aus verschleissung der gemacht
3571 2197 4812 2341 en Zinen Arbait bey dem schiessen gemallen
3558 2304 5480 2505 in merlay muntz hat gebracht Vt zetl f. 258. s. d.
3499 2639 4440 2960 Latus per Se
