5584 3901
3311 192 4776 781 Auf das Wein
3822 684 4281 810 gart Paw etc.
3448 974 4745 1163 Wieuill dises etc Dreyunndsechzigisten Iars von
3529 1127 4711 1221 Gemainer Stat weingarten gebaut vnnd geuechß
3533 1197 4724 1285 net worden Auch Aufs Paw derselben Weingartn
3526 1274 4858 1408 Ausgeben wierdet hienach vnndter schiedlich beschriben
3392 1631 4745 1858 Den dreyssigisten tag Ianuarii hab
3443 1827 4704 1953 Ich des Bischumbß Wienn Zechenhannd
3514 1914 4698 2068 lern zallt für die Wolfganng Vmb
3507 2017 4732 2187 laufischen Erben ausstenndigen Zechent
3502 2153 4753 2311 des 44/45/46/47/48/49/50/ Vnnd
3516 2191 5455 2491 51/ Iar thuet alles Innhalt Quittung f. 9. s 2 d
3663 2562 4307 2922 Latus per se.
