5712 3868
3372 111 4797 630 Auf Teyhunng
3938 570 4440 691 Deß Vleisch etc.
3498 859 4862 982 Item Sider des verschinen sechzigisten Iars Auff
3595 970 4793 1059 beuelch der Rom Khay Mt etc. haben wolgedachte
3593 1051 4839 1133 meine herrn B. vnnd Rath verordnunng gethon da
3588 1130 4870 1212 mit nur nit zwischen Ostern vnnd Phinngsten am
3575 1199 4903 1301 Vleisch nit manngl erscheine selbst lassen metzkhen
3571 1275 4847 1373 demnach was vnnd wieuill in gellt, daraus ge
3592 1360 4686 1477 zallen stet hernach lenngs beschriben etc.
3508 1647 4844 1820 Item Nach dem meine Genedig herrn B Vnnd
3525 1803 4867 1927 Rath Alhie besorget, es mochte auf Annkhunfft
3562 1904 4845 2052 der Rom. Kay. Mt. etc zu den Osterlichen Zeitt
3571 2020 4874 2130 en, Am Vleisch menngl erscheinen hab Iere Ox
3573 2128 4873 2268 mer bevelchen, nich mit Ainer Annzall Vn
3548 2231 4833 2425 gerischer oxen Zuversechen zue Zeit der nott
