5594 3924
1027 1199 2509 1672 Summa Ausgab aufs weingartpau
1260 1619 2328 1758 Ø 444 γ 6 s. 7 d
3287 217 4765 756 Abschreiben vnd
3796 688 4546 813 Nachlaß der Schulden etc.
3392 989 4789 1172 Item Nachdem Vnntzther in meiner Raittung
3534 1110 4773 1221 Ausgaben beuor aber des etc zwayunndsechzigist
3522 1209 4744 1295 en Iar Remanenntz Auch vnndter der Rubrigkh
3522 1266 4715 1357 en des Ausgelichen gellts verstannden das etlichn
3503 1357 4753 1446 Partheien gemainer Stat schuldig bliben so ist doch
3527 1425 4759 1510 denselben etlichen durch Bvnnd Rath daran nach
3540 1507 4691 1597 gelaßen worden welche hernach mit Namen
3545 1587 4467 1708 vnnd Suma beschriben stheen etc.
3452 1908 4770 2146 Item hieuor Vnnder der Rubrigkhen der Em
3522 2103 4774 2250 Phanngnen Penfääl Ist verstannden Wie
3481 2199 4751 2355 etlich öeller alhie Ieder Vmb funf Phunndt
3490 2322 4751 2513 Phenning gestrafft darumben das sy die
