5728 4008
3197 333 4788 970 Auf das Paw Zu
3777 887 4412 1032 Sannt Marx etc.
3400 1253 4771 1425 Item in disem etc Funnfzehenhunndert dreyund
3463 1400 4737 1499 sechzigisten Iar ist auf das geben zu Sannt Marx
3395 1478 4712 1614 Ausgeben worden wie hernach zuuernemen etc
3366 1848 4728 2087 Nämblichen den fünfzechennden Ianuarii
3398 2046 4740 2189 obermellten Iars hab Ich dem Maister Ia
3442 2146 4723 2322 coben Seyrl tischler alhie zallt für Ainen
3454 2265 4769 2419 hultzen gattern so er noch des vertigen Iar
3429 2379 4821 2574 gemacht hat laut Vnndter Vaters khuntschafft
4486 2514 5441 2646 ꞩ f 4. s.d.
3388 2635 4312 3167 Latus per Se.
