5707 3853
3084 106 4943 634 Widerumb Bezalt
3941 574 4284 694 Gellt etc.
3518 790 4847 986 Item so wierdet Alle Iar von Gemainer Statt
3572 979 4807 1078 aufannder Ambt alß Prugkh zieglschaffer
3570 1054 4858 1154 Khastner ambt auch anndern Personen Auf Be
3587 1137 4857 1241 uelch gellt dargestreckht, wenn vnnd wieuill Aber
3586 1242 4803 1376 daran diß Jar bezallt worden steet hernach etc.
3483 1543 4870 1757 Item in Voriger der Ober Camrer Raittunng
3579 1686 4847 1839 en Ist Iärlichenn Anngezaigt Vnnd Verrait
3565 1801 4849 1941 Worden, das der Rom. Kay. Mt. etc Vnnserm
3561 1897 4896 2055 Allergenedigistenn herren Vnnd Erb Lanndts
3560 2019 4854 2159 Fuerstenn Zu Vnnderthanigister gehorsamb
3557 2117 4889 2281 Verschines etc sechsundfunfzigisten Iars Von
3516 2257 4842 2421 Gemainer Stat dargelichen Ist Worden,
