5750 3881
3412 95 4945 639 Auf das Paw zu
3969 556 4573 697 Sannct Marx etc.
3601 828 4892 976 Auf die Rubrigkhen Ist diß Iars Annders nichts ge
3659 956 4435 1079 uallen alß wie hernach stet etc.
3607 1245 4949 1461 Emerich Fläscher Zu Grintzing hat An des Wein
3625 1425 4926 1578 Pergers hof Zu grintzing denn Ainunndzwain
3626 1538 4855 1689 zigisten Decembris diß Iars erlegt Sibenn
3619 1667 4886 1796 hunndert Phunndt Phenning, Weill Aber die
3630 1789 4899 1912 selben, hieuor In Zaintzigen Einnemen Ein
3616 1883 4901 2041 gestellt, thue Ichs Alhie mir vermelden Aber
3627 2012 4238 2158 nit hinaus Werfen.
