5683 3802
3344 151 4931 701 Aus dem aufgerich
3738 626 4698 785 ten gluckhafen Emphanngen etc.
3534 874 4783 1050 Emphanng Pargellt auß dem Gluckhaffen
3556 1016 4786 1113 so sich den ainunndzwainzigisten Iunii diß etc
3585 1107 4792 1180 Iars anngefangen vnnd den vierten Martii des
3593 1180 4782 1306 viervnndsechzigisten gendet wie hernach volgt
3463 1468 4781 1676 Item Alß meine Genedig herrn B Vnnd Rath
3572 1663 4750 1776 der Stat Wienn der Rom. Khu. Mt. zu Ehren
3582 1747 4758 1892 den Ainunndzwaintzigisten Iunii dises etc.
3576 1846 4752 1997 dreyunndsechzigisten Iars Ain freyschiessen,
3568 1941 4760 2082 Auf denn zwaintzigsten Augustii zuhallt,
3550 2041 4741 2198 en Außgeschriben, auch auf selben tag Ainen
3545 2142 4770 2291 Annsechenlichen gluckhafen, Ann Zurichten
3539 2258 4833 2419 bevelchen, Wie dauon der wegen, alle notturfs
