5424 3822
3203 102 4663 579 Auf die Lanndt
3673 521 4183 659 Steur Ausgeben
3307 712 4632 1003 Wieuill diß etc dreyunndsechzigisten Iars ange
3463 949 4660 1051 mainer Stat gebuerunnder Steuer bezallt weisen
3440 1035 4419 1170 die hernach volgennden Possten aus etc.
3380 1364 4633 1506 Item Nachdem Verschinen Iare verstanndenn
3433 1506 4641 1630 das Gemaine Stat der Rom. Kay. Mt. etc Vnnß
3439 1602 4628 1726 erm Aller genedigisten herren Ainundt
3417 1696 4621 1827 zwaintzig tausennt sechs hunndert florenn
3426 1811 4614 1932 laut Obligation gehorsamist dargelichenn
3416 1908 4650 2038 haben auch vonn Ierer Mt. etc verweissung
3418 2022 4684 2162 Auf Ain Ersame Lanndtschafft des Ertzherzog
3437 2125 4613 2262 thumbs Osterreich Vnnder der Ennß Em
3435 2252 4638 2415 Phanngen welicher termin sich den Siben
