5664 3824
3267 138 4838 639 Ambtleut Raitt
3820 611 4273 729 ung Resst etc.
3403 815 4791 1017 Wiewoll die Ambtleuth Iarlichen Ire Resst so sy Inn
3481 1009 4773 1084 Raittunng schuldig bleiben die selben sollten inns
3480 1081 4775 1188 OberCamerambt erlegen, so hab Ich doch, diß etc drey
3493 1169 4785 1259 unndsechzigisten Iars nit mer alß hernach steet em
3516 1261 4769 1407 phanngen vnnd wie hernach steet eingenomen etc.
3371 1580 4804 1761 Herr Franntz Lagkhner des Inneren Stat Raths
3492 1718 4801 1874 Alhie ist Innhallt seiner Raittunng des siben
3475 1812 4833 1969 unndfunfzigisten Iarß Vom OberCamer Ambt
3497 1928 4786 2090 Per Resto herauß schuldig bliben, sechs Phunndt
3500 2060 4823 2204 Zwen schillinng sechsunnd Zwaintzig Pfening
3491 2145 4795 2278 daran Er Aber an seinem Raitbrief bezallt
3508 2251 4817 2409 drey Phunndt sechs schillinng Zwaintzig Phen
3514 2331 5496 2536 ning die Vbermalß hat Er ins Ambt erlegt f. 2. s 4. d 6.
3344 2702 4525 3014 Latus per Se
