5668 3849
3247 107 4823 638 Fur die Abfardt
3896 566 4434 707 Emphanngen etc.
3515 809 4778 979 Es ist nit allain Alhie besonnder in Lanndten
3552 953 4784 1051 gebreuchig wenn vonn der abgeleibten erbenn
3564 1037 4785 1134 ain guet aus ainer Stat oder markht ererbt vnd
3558 1124 4782 1220 hinweckh aus dem Lannd gefuert wierdet das
3570 1204 4774 1316 mann sich dauonntwegen mit der Öbrigkhait
3551 1288 4789 1398 vergleichen soll die abfart genannt also dises etc
3564 1372 4599 1523 Iars nachuolgennde Possten geuallen etc.
3600 1662 4801 1885 Sebastiann Threiber Cramers vnnd burg
3605 1839 4817 1957 ers Alhie seligen wittib auch seligen nechst
3579 1928 4826 2049 Legittimiert erben haben Ier erbliche gerechtig
3560 2012 4776 2152 khait so gebracht hat Ainhunndert zwenn
3572 2114 4830 2270 unndt sechzig Phunndt Phening emphang
3588 2200 4804 2359 en dauon aber Alhie schulden bezallt Vnnd
3564 2302 4810 2502 Vnkhosten Achunnd Vierzig Pfunndt Phen
