5592 3881
3226 202 4698 751 Auf die Contorey
3371 903 4680 1135 Damit nur germainer Stat Capellen mit all
3486 1098 4683 1195 er notturfft desto statlicher versechen habenn
3489 1179 4674 1269 meine herren Burgermaister vnnd Rathe etc.
3481 1256 4696 1374 diß etc Dreyunndsechzigist Iar den nach uolg
3487 1344 4780 1502 ennden vnkhosten darauf wenden lassen nämlich
3392 1704 4684 1915 Denn Achtund zwaintzigisten Februarii
3464 1864 4725 2027 hab Ich dem herrn Canntor fur zway
3446 1938 5331 2208 khästl in die Contorey bezallt f. 1. s 5. d 2
3433 2218 4692 2418 Item dem Ainund zwaintzigisten Ap
3439 2384 4723 2581 prilis hab ich dem Helia Jacobsperger
3367 2602 4232 3087 Latus per se.
