<?xml version="1.0" encoding="UTF-8" standalone="yes"?>
<PcGts xmlns="http://schema.primaresearch.org/PAGE/gts/pagecontent/2013-07-15" xmlns:xsi="http://www.w3.org/2001/XMLSchema-instance" xsi:schemaLocation="http://schema.primaresearch.org/PAGE/gts/pagecontent/2013-07-15 http://schema.primaresearch.org/PAGE/gts/pagecontent/2013-07-15/pagecontent.xsd">
    <Metadata>
        <Creator>prov=READ-COOP:name=PyLaia@TranskribusPlatform:version=2.23.0:model_id=291473:lm=provided:date=17_02_2025_18:49</Creator>
        <Created>2025-02-14T11:38:28.110+01:00</Created>
        <LastChange>2025-02-17T19:07:43.467+01:00</LastChange>
        <TranskribusMetadata docId="6914252" pageId="91551349" pageNr="248" status="GT" userId="234" imgUrl="https://files.transkribus.eu/Get?id=KXVCUFORQOMPRRYOGUEKQXOS&amp;fileType=view" imageId="76385044"/>
    </Metadata>
    <Page imageFilename="91551349.jpg" imageWidth="5712" imageHeight="3992">
        <ReadingOrder>
            <OrderedGroup id="ro_1739815663468" caption="Regions reading order">
                <RegionRefIndexed index="0" regionRef="region_157123992"/>
                <RegionRefIndexed index="1" regionRef="region_257123992"/>
            </OrderedGroup>
        </ReadingOrder>
        <TextRegion id="region_157123992" custom="readingOrder {index:0;} structure {type:page_1;}">
            <Coords points="0,0 2856,0 2856,3992 0,3992"/>
            <TextLine id="tl_1739533950" custom="readingOrder {index:0;}">
                <Coords points="854,1258 878,1686 1224,1616 2221,1650 2210,1513 1748,1463 1499,1494 1232,1426 1188,1148 871,1241"/>
                <Baseline points="851,1550 2232,1550"/>
                <TextEquiv>
                    <Unicode>Summa Ausgab auff di Ochsen</Unicode>
                </TextEquiv>
            </TextLine>
            <TextLine id="tl_1739533961" custom="readingOrder {index:1;}">
                <Coords points="1119,1625 1120,1694 1167,1718 1760,1685 1470,1619 1126,1619"/>
                <Baseline points="1119,1691 1760,1691"/>
                <TextEquiv>
                    <Unicode>hanndlung</Unicode>
                </TextEquiv>
            </TextLine>
            <TextLine id="tl_1739533959" custom="readingOrder {index:2;}">
                <Coords points="2206,1720 2112,1680 1889,1714 1265,1695 1133,1758 1135,1808 1191,1828 2206,1831"/>
                <Baseline points="1133,1800 2206,1800"/>
                <TextEquiv>
                    <Unicode>Ø 13846 γ 1 s. 6. d</Unicode>
                </TextEquiv>
            </TextLine>
            <TextEquiv>
                <Unicode>Summa Ausgab auff di Ochsen&#13;
hanndlung&#13;
Ø 13846 γ 1 s. 6. d</Unicode>
            </TextEquiv>
        </TextRegion>
        <TextRegion id="region_257123992" custom="readingOrder {index:1;} structure {type:page_2;}">
            <Coords points="2856,0 5712,0 5712,3992 2856,3992"/>
            <TextLine id="tl_1739533954" custom="readingOrder {index:0;} headline {offset:0; length:16; continued:true;}">
                <Coords points="3226,400 3169,702 3189,981 4157,917 4782,929 4771,480 4329,469 4186,664 4104,674 3756,550 3596,409 3251,381"/>
                <Baseline points="3169,828 4756,828"/>
                <TextEquiv>
                    <Unicode>Auf die new Rath</Unicode>
                </TextEquiv>
            </TextLine>
            <TextLine id="tl_1739533957" custom="readingOrder {index:1;} headline {offset:0; length:20; continued:true;}">
                <Coords points="4409,896 4116,906 3988,932 3796,920 3764,930 3763,1012 4134,1046 4299,1018 4409,1023"/>
                <Baseline points="3763,1005 4409,1005"/>
                <TextEquiv>
                    <Unicode>Stuben außgeben etc.</Unicode>
                </TextEquiv>
            </TextLine>
            <TextLine id="tl_1739533958" custom="readingOrder {index:2;}">
                <Coords points="4689,1280 4577,1234 4235,1282 3411,1268 3347,1281 3344,1415 3637,1437 4689,1376"/>
                <Baseline points="3344,1384 4689,1384"/>
                <TextEquiv>
                    <Unicode>Item vor der Neuen Ratstuben Auff dem</Unicode>
                </TextEquiv>
            </TextLine>
            <TextLine id="tl_1739533953" custom="readingOrder {index:3;}">
                <Coords points="4776,1428 4156,1396 3387,1438 3393,1500 3456,1541 4774,1501"/>
                <Baseline points="3386,1506 4749,1506"/>
                <TextEquiv>
                    <Unicode>ganng im hof hab Ich laßen, neuer hultzene</Unicode>
                </TextEquiv>
            </TextLine>
            <TextLine id="tl_1739533955" custom="readingOrder {index:4;}">
                <Coords points="4705,1577 4596,1524 4260,1513 3943,1547 3469,1528 3419,1541 3413,1588 3443,1672 4703,1629"/>
                <Baseline points="3413,1633 4705,1633"/>
                <TextEquiv>
                    <Unicode>gätter machen laßen, Vnnd dieselben den</Unicode>
                </TextEquiv>
            </TextLine>
            <TextLine id="tl_1739533951" custom="readingOrder {index:5;}">
                <Coords points="4781,1688 4715,1648 4326,1629 3404,1673 3425,1803 3877,1803 4267,1745 4779,1788"/>
                <Baseline points="3403,1758 4781,1758"/>
                <TextEquiv>
                    <Unicode>hainrich Vogtherrn maler laßen mit grue</Unicode>
                </TextEquiv>
            </TextLine>
            <TextLine id="tl_1739533956" custom="readingOrder {index:6;}">
                <Coords points="5302,1804 5003,1741 4668,1776 4187,1743 3461,1778 3428,1878 3525,1949 4798,1987 5302,1923"/>
                <Baseline points="3428,1924 5302,1924"/>
                <TextEquiv>
                    <Unicode>ner farb anstreichen dauon Ime Vt quittung f. 4. s. 4. d 8.</Unicode>
                </TextEquiv>
            </TextLine>
            <TextLine id="tl_1739533952" custom="readingOrder {index:7;}">
                <Coords points="3300,2368 3349,2634 3482,2697 3713,2623 3850,2634 3957,2667 3976,2761 4334,2675 4520,2574 4499,2472 3972,2443 3757,2218 3450,2268 3309,2349"/>
                <Baseline points="3300,2623 4520,2623"/>
                <TextEquiv>
                    <Unicode>Summa vnnd Latus per se</Unicode>
                </TextEquiv>
            </TextLine>
            <TextEquiv>
                <Unicode>Auf die new Rath&#13;
Stuben außgeben etc.&#13;
Item vor der Neuen Ratstuben Auff dem&#13;
ganng im hof hab Ich laßen, neuer hultzene&#13;
gätter machen laßen, Vnnd dieselben den&#13;
hainrich Vogtherrn maler laßen mit grue&#13;
ner farb anstreichen dauon Ime Vt quittung f. 4. s. 4. d 8.&#13;
Summa vnnd Latus per se</Unicode>
            </TextEquiv>
        </TextRegion>
    </Page>
</PcGts>
