5452 3888
3125 199 4631 746 Auf die Vbergheer
3518 657 4397 795 der Weingarten etc.
3270 983 4521 1173 Nachdem auch Iarlichen Vermug der
3329 1117 4587 1280 Rom. Kay. Mt. etc Weingart ordnung
3343 1242 4561 1401 zwen Vbergeher in gemainer Stat ge
3309 1371 4539 1504 beit Auf die Weingarten gehallten
3348 1477 4578 1617 damit Iede Weingart Arbait gerecht
3343 1599 4542 1776 treulich vnnd zu rechter Zeit verricht
3352 1722 4668 1879 werde so seint diß Iars dar zue gebraucht
3323 1845 4564 1997 worden Hanns Zerer Vnnd Hanns Pair
3325 1983 4576 2129 beedt Burger Alhie hat ermellter Zer
3336 2103 4530 2251 er Auf sein besoldung wochenlich ge
3330 2220 4632 2386 bracht Ain Pfundt d tuet durchs gantz
3281 2345 5293 2609 Iar 52 Wochen in gellt Vt Quittung f. 52. s. d.
3377 2614 4218 3029 Latus per se
