5583 3840
3172 114 4699 641 Von dem Trögler
3778 594 4091 717 Ambt etc.
3420 728 4770 899 Souill in disem etc Dreyvnndsechzigisten Iar Mich
3436 862 4775 970 ael Prust thrögler aus dem gefell am Vischmarckht aus
3414 938 4728 1060 der Puxen wochenlich inns OberCamerambt, erlegt ist
3418 1030 4667 1184 ain ganntz monat zusamen tragen vnnd gebracht
3401 1381 4790 1577 Alß das ganntz Monat Ianuarii funf wochen hab
3414 1487 5357 1710 en in gellt gemacht 14 γ 5 s d. Idest f. 14. s 5. d 3.
3311 1824 4827 2047 Item das Monat Februarii vier wochen die gefell zu
3438 1953 5347 2170 samen gerait gellt gewesenn f. 12. s 2 d 12
3392 2213 4845 2427 Mer ist Im Monat Martii Vier wochen das gefell
3412 2347 5368 2548 gewesen inn gellt, so außgezellt worden f. 20. s 1 d 12
3212 2732 4832 3174 Latus 47 γ s 27 d.
