5570 3908
987 1117 2045 1557 Summa Ausgab auffs
1244 1541 1750 1631 Pannthading
1245 1609 2117 1762 Ø 345 γ 2 s 18 d
3368 153 4856 688 Auf das Weinbe
3936 609 4289 745 schreiben etc
3478 953 4772 1085 Item alltem gebrauch nach werden alle Iar zu
3531 1070 4772 1161 Sannt Merten tag die wein desselben Iars ord
3532 1147 4741 1237 ennlich beschriben darauf die Steur anntzu
3554 1235 4476 1360 schlagen ist wie zuvernemen etc.
3477 1653 4755 1826 Item so wierdet Iärlichen denn Acht Stewer
3541 1792 4792 1917 diennern aus dem OberCamerambt bezallt
3534 1890 4767 2022 vier Phunndt Phening Vmb das sy die Wein
3526 2007 4775 2110 zu Sanndt Marthins tag desto Vleissiger in
3528 2085 4728 2229 der Stat beschreiben sollen welche Ich Inen
3512 2202 4793 2323 laut Ierer mier nach gebrauch gegeben
3528 2187 5419 2574 Quittung bezalt wie obsteet Idest f. 4. s. d
3547 2539 4384 3059 Latus per se.
