5480 3835
860 1171 2101 1606 Summa der Ausgab Auff
1160 1569 1960 1676 Iarliche verzinsung
1161 1658 2091 1767 Ø 3256 γ 4 s 20 d
3148 154 4737 658 Auf Schannchk
3670 608 4470 742 unng vnnd verehrunng
3356 891 4641 1063 Item hernach werden merlay Vnndterschiedliche
3427 1005 4668 1132 Possten beschriben was vnnd wieuill in disem lauf
3434 1086 4713 1217 enden dreyunndsechzigisten Jar von gemaines nutz
3428 1169 4561 1330 wegen merern Personen verehrt worden etc.
3362 1498 4685 1724 Nachdem Michell Riedrer Schart Dienner ain
3451 1648 4660 1797 Zeitlanng neben denn verordennten zu
3424 1751 4637 1920 der Innfectionn Ordung auch zu der
3453 1863 4726 2013 Sperr der Abgestorbnen Personen gebraucht
3459 1966 4681 2139 wordenn haben meine herren ime neb
3422 2153 5447 2434 Ianuarii bewilligt f. 2. s. d.
3394 2481 4302 2927 Latus per se.
