5409 3829
3161 105 4546 610 Auf die Schatz
3561 551 4270 680 Steur Inns huebhaus
3326 809 4561 998 Item es sollen Iarlichen inns huebhaus zu der Ro.
3405 954 4585 1066 Khay Mt. etc. hannden erlegt werden funnfhunndert
3407 1037 4553 1151 Phunndt Phenning darauf etlich herrn verwisen
3392 1119 4578 1262 seinnt vnnd daselbig gellt emphachen wie vollgt etc.
3326 1455 4573 1641 Ady denn Sibenzechennden Iunii hab Ich dem
3402 1593 4597 1744 wolfen Furt Röm Khay Mt etc Vitzdomb Ambts
3411 1695 4640 1840 verwallter in Abschlag der Schatzsteuer gegen
3388 1770 5320 1991 Quittung erlegt 50 γ d. Idest f 50. s. d.
3302 2099 4606 2358 Herren Sigmunnden Freyherren Zu heber
3430 2297 4584 2499 stain etc Presidennten bey der Nider Öster
3300 2533 4050 3003 Latus per se.
