5671 3836
3304 167 4865 708 Vmb grunndt im
3969 659 4483 780 Obern Wört etc.
3443 952 4802 1068 Es werden auch Iärlichen im Obern wert Alß
3526 1058 4793 1156 in der Rossaw vnnd Vor dem Neuen werder thor
3539 1145 4919 1284 mer behauste guetter gestifft vnd Ausgeben Nämlichen
3440 1422 4808 1656 Dem Neuntzehennden tag Apprillis hat
3510 1589 4856 1753 Caspar Maisser flötzer Alhie für Ainen grundt
3505 1700 4756 1857 in der Rossaw gegen emphachung der
3409 1792 5486 2022 Gwer erlegt funf Phunndt Phening Idest f 5. s. d.
3372 2154 4745 2352 Mer dito Vonn Georgen Holderer Fuerman
3513 2355 4757 2540 für Ainen grunndt daselbst eingenomen,
3293 2707 4550 3020 Latus per Se
