5362 3920
3003 188 4531 785 Abgang Vnndt
3537 706 4377 862 Böß gelt fur Außgaben etc
3185 970 4558 1192 Hiebey ist zumerkhen das Ich disem etc Dreyunnd
3275 1169 4539 1260 sechtzigisten Iars Aus Gemainer Stat Steur auch
3293 1236 4549 1324 vom Mauthaus vnnd aus dem Lanndlaus auf
3297 1307 4544 1395 meiner herrn Burgermaister vnnd Rathe beuelch
3283 1377 4572 1477 alle munntz fur volleingenomen wie aber dieselben
3286 1433 4631 1579 ausgeben werden die nachuolgünnden Posstn Ausweisn etc
3220 1749 4585 1996 Taller zu sibentzig etc Emphanngen Anno etc. 63
3616 1957 4122 2111 Aus der Steur etc
2967 2189 4447 2549 Erstlichen den fünfften Ianuarii 1000
