5521 3875
965 1168 2289 1510 Summa der Ausgab auf der Mullner
1166 1486 2215 1602 vnnd Brotbeschauer besoldung
1183 1559 2015 1698 Ø 6 γ 7 s 14 d
3362 187 4788 685 Betzallunng des
3794 674 4675 782 Enntlechennten gellt etc.
3533 954 4767 1098 Item die weill gemaine Stat nun etliche Iar
3591 1066 4782 1161 her dermassen in schulden geraten das ohne Vn
3600 1163 4771 1247 dterlaß gellt aufbzacht vnnd die Anndern be
3616 1229 4793 1326 zallt werden mueßen wie auch in disem Jar
3619 1323 4764 1411 erscheinnt der halben wer vnnd wieuill darin
3633 1394 4424 1525 nen betzallt vollgt hernach etc.
3554 1704 4792 1888 Item Nachdem Herr Cristof Armbrust
3625 1869 4802 2012 er Rom. Kay. Mt. etc Camer Rath in hun
3568 1975 4783 2152 gern gemainer Stat Wienn vertigs
3626 2098 4824 2256 zwayunndsechzigisten Iars Ain tauß
3612 2208 4842 2374 ennt floren Pargellt auf Ain Iarlang
3608 2334 4808 2518 dargelichen das hundert Albegen mit
