<?xml version="1.0" encoding="UTF-8" standalone="yes"?>
<PcGts xmlns="http://schema.primaresearch.org/PAGE/gts/pagecontent/2013-07-15" xmlns:xsi="http://www.w3.org/2001/XMLSchema-instance" xsi:schemaLocation="http://schema.primaresearch.org/PAGE/gts/pagecontent/2013-07-15 http://schema.primaresearch.org/PAGE/gts/pagecontent/2013-07-15/pagecontent.xsd">
    <Metadata>
        <Creator>prov=READ-COOP:name=PyLaia@TranskribusPlatform:version=2.23.0:model_id=291473:lm=provided:date=17_02_2025_22:33</Creator>
        <Created>2025-02-14T11:39:59.863+01:00</Created>
        <LastChange>2025-02-18T12:26:09.973+01:00</LastChange>
        <TranskribusMetadata docId="6914252" pageId="91551779" pageNr="518" status="GT" userId="234" imgUrl="https://files.transkribus.eu/Get?id=BZUSZVBRPOPZDLMBSEIXHOKT&amp;fileType=view" imageId="76385482"/>
    </Metadata>
    <Page imageFilename="91551779.jpg" imageWidth="5711" imageHeight="3845">
        <ReadingOrder>
            <OrderedGroup id="ro_1739877969973" caption="Regions reading order">
                <RegionRefIndexed index="0" regionRef="region_157113845"/>
                <RegionRefIndexed index="1" regionRef="region_257113845"/>
            </OrderedGroup>
        </ReadingOrder>
        <TextRegion id="region_157113845" custom="readingOrder {index:0;} structure {type:page_1;}">
            <Coords points="0,0 2855,0 2855,3845 0,3845"/>
            <TextEquiv>
                <Unicode></Unicode>
            </TextEquiv>
        </TextRegion>
        <TextRegion id="region_257113845" custom="readingOrder {index:1;} structure {type:page_2;}">
            <Coords points="2856,0 5711,0 5711,3845 2856,3845"/>
            <TextLine id="tl_1739534317" custom="readingOrder {index:0;} headline {offset:0; length:14; continued:true;}">
                <Coords points="3139,124 3137,606 3195,653 4570,618 4773,572 4782,425 4683,205 3164,112"/>
                <Baseline points="3137,520 4782,520"/>
                <TextEquiv>
                    <Unicode>Mullner Vnndt.</Unicode>
                </TextEquiv>
            </TextLine>
            <TextLine id="tl_1739534315" custom="readingOrder {index:1;} headline {offset:0; length:19; continued:true;}">
                <Coords points="4339,624 4250,613 4169,634 4110,614 3796,635 3800,754 4339,696"/>
                <Baseline points="3796,718 4339,718"/>
                <TextEquiv>
                    <Unicode>Peckhen Straff etc.</Unicode>
                </TextEquiv>
            </TextLine>
            <TextLine id="tl_1739534316" custom="readingOrder {index:2;}">
                <Coords points="4787,875 3881,935 3483,899 3488,1003 3871,1035 4786,980"/>
                <Baseline points="3483,994 4787,994"/>
                <TextEquiv>
                    <Unicode>Item von den Mullner Vnnd Peckhen ist dises etc.</Unicode>
                </TextEquiv>
            </TextLine>
            <TextLine id="tl_1739534321" custom="readingOrder {index:3;}">
                <Coords points="4770,999 3535,1007 3519,1079 3894,1112 4729,1103 4770,1073"/>
                <Baseline points="3519,1081 4770,1081"/>
                <TextEquiv>
                    <Unicode>Funntzechen hunndert dreyunndsechzigisten Iar</Unicode>
                </TextEquiv>
            </TextLine>
            <TextLine id="tl_1739534322" custom="readingOrder {index:4;}">
                <Coords points="4631,1088 3534,1098 3545,1219 3735,1237 4592,1208 4631,1192 4628,1134"/>
                <Baseline points="3534,1198 4633,1198"/>
                <TextEquiv>
                    <Unicode>das nachgeschriben Straffgellt geuallen etc.</Unicode>
                </TextEquiv>
            </TextLine>
            <TextLine id="tl_1739534325" custom="readingOrder {index:5;}">
                <Coords points="4740,1450 4300,1428 3941,1486 3528,1475 3438,1431 3416,1463 3429,1571 3884,1604 4740,1534"/>
                <Baseline points="3416,1559 4740,1559"/>
                <TextEquiv>
                    <Unicode>Dem Zwaintzigisten tag Ianuarii hat Sig</Unicode>
                </TextEquiv>
            </TextLine>
            <TextLine id="tl_1739534326" custom="readingOrder {index:6;}">
                <Coords points="4782,1598 4618,1554 3508,1572 3487,1657 3507,1686 4190,1713 4782,1643"/>
                <Baseline points="3487,1671 4772,1671"/>
                <TextEquiv>
                    <Unicode>munndt Schmierer Brodtbschauer Von denenn</Unicode>
                </TextEquiv>
            </TextLine>
            <TextLine id="tl_1739534318" custom="readingOrder {index:7;}">
                <Coords points="4816,1752 4806,1694 4733,1662 4182,1705 3487,1689 3493,1791 3548,1804 4812,1771"/>
                <Baseline points="3487,1779 4816,1779"/>
                <TextEquiv>
                    <Unicode>Peckhen Straffgellt inns OberCammerambt er</Unicode>
                </TextEquiv>
            </TextLine>
            <TextLine id="tl_1739534324" custom="readingOrder {index:8;}">
                <Coords points="5473,1764 5086,1726 3511,1810 3536,1968 5307,1940 5403,1921 5471,1843"/>
                <Baseline points="3510,1906 5473,1906"/>
                <TextEquiv>
                    <Unicode>legt Laut Particular Zetl gebracht f 18 s 3. d 22.</Unicode>
                </TextEquiv>
            </TextLine>
            <TextLine id="tl_1739534323" custom="readingOrder {index:9;}">
                <Coords points="3345,2128 3367,2305 4290,2310 4825,2248 4805,2114 4094,2179 3471,2081 3349,2109"/>
                <Baseline points="3345,2252 4771,2252"/>
                <TextEquiv>
                    <Unicode>Dem Vierunnd Zwaintzigisten tag Ianuarii</Unicode>
                </TextEquiv>
            </TextLine>
            <TextLine id="tl_1739534319" custom="readingOrder {index:10;}">
                <Coords points="4778,2263 4545,2249 4277,2306 3424,2297 3470,2329 3472,2409 3702,2423 4777,2349"/>
                <Baseline points="3424,2381 4778,2381"/>
                <TextEquiv>
                    <Unicode>hat abgedachter Brotbschauer Innhallt Parti</Unicode>
                </TextEquiv>
            </TextLine>
            <TextLine id="tl_1739534320" custom="readingOrder {index:11;}">
                <Coords points="4804,2361 3516,2407 3527,2501 3908,2574 4103,2572 4365,2492 4804,2523"/>
                <Baseline points="3516,2517 4804,2517"/>
                <TextEquiv>
                    <Unicode>cular Zetl Straffgellt so die mullner Vnnd di</Unicode>
                </TextEquiv>
            </TextLine>
            <TextLine id="tl_1739534327" custom="readingOrder {index:12;}">
                <Coords points="3381,2869 3384,2949 3424,2975 3753,3018 4034,3012 4149,2957 4480,2929 4480,2778 4425,2738 3931,2762 3675,2715 3384,2857"/>
                <Baseline points="3381,2940 4482,2940"/>
                <TextEquiv>
                    <Unicode>Latus per Se</Unicode>
                </TextEquiv>
            </TextLine>
            <TextEquiv>
                <Unicode>Mullner Vnndt.&#13;
Peckhen Straff etc.&#13;
Item von den Mullner Vnnd Peckhen ist dises etc.&#13;
Funntzechen hunndert dreyunndsechzigisten Iar&#13;
das nachgeschriben Straffgellt geuallen etc.&#13;
Dem Zwaintzigisten tag Ianuarii hat Sig&#13;
munndt Schmierer Brodtbschauer Von denenn&#13;
Peckhen Straffgellt inns OberCammerambt er&#13;
legt Laut Particular Zetl gebracht f 18 s 3. d 22.&#13;
Dem Vierunnd Zwaintzigisten tag Ianuarii&#13;
hat abgedachter Brotbschauer Innhallt Parti&#13;
cular Zetl Straffgellt so die mullner Vnnd di&#13;
Latus per Se</Unicode>
            </TextEquiv>
        </TextRegion>
    </Page>
</PcGts>
