2361 1547
1399 32 1961 374 Ambtleut
1638 351 1910 414 Raittung Resst ./.
1485 463 1971 578 Item den letsten tag Decembris dises etc Ains
1522 566 1971 617 Vnnd Sechtzigist Iar haben mir die herren
1512 607 1973 657 Raithanndler das gefell so das bemellt etc
1514 646 1965 703 gannz Ain Vnnd Sechtzigist Iar daselbs
1513 688 1978 748 auf der Rait Camer von beschaffung der
1514 732 1974 793 Vngeuogten Khünder Gerhaben Raitten
1513 777 1954 835 auch aufgerichten vertragen etc geuallen
1515 826 1978 899 hat gebracht zusamen 380 γ d. so al
1512 884 2218 994 hie fur Einnemen gestellt f 380. s. d
1479 1021 1782 1273 Latus per se.
