2241 1501
479 172 915 251 so das haus gekhaufft zu des herrn Phar
475 241 886 295 rer In der Purgkh Grundthbuech erlegt
475 284 893 333 Vnnd alß dann Zum herrn Stat Richter
473 325 901 380 auf des Erben Gwalltragers zuegestelt
475 369 906 421 weill aber der Gwalltrager alhie wol
471 407 913 461 halben taill dauon verzert vnnd In annder
475 450 900 505 weg muessen außgeben Vnnd schier gar
479 493 911 554 nichts hinwegkh gebracht haben meine
474 540 916 594 herrn Burgermaister vnnd Rat auf des
476 583 911 643 gedachten herrn Statrichters fürbitt
473 632 899 690 Ime die gebürnus von der Vbermaß auch
474 678 900 734 nachgelassen Derhalben
480 716 905 781 alhie mer berichts weis soliches ange
472 768 898 846 Zaigt wirdt zu khunfftiger gedacht
482 828 555 873 nus
1434 146 1872 222 Item des Iacob Amando Rotzenmachers
1455 215 1864 269 seeligen Erben haben sich zu seiner ver
1458 259 1876 313 lassung legittimirt vnnd Inen Vber abfert
1450 301 1862 353 tigung der witfrawen auch bezallunng
1449 339 1865 395 der gellter erlegt verung Raithbriefs
1450 384 1866 441 den die Curatores beyhenndig haben ain
1450 428 1860 486 hundert NeünVnnd achtzig Phund Zwen
1455 475 1863 530 schilling Sechs Pfening Dauon die
1457 517 1879 578 abfart bracht Achtzehen Phund Syben
1452 569 1879 629 schilling Sechs Phening weill aber der
1448 618 1888 672 Erben drey yetzo dreytzehen wochenlanng
1451 662 1880 715 alhie darauf Zert vnnd zuuor auch ain
1449 708 1871 768 mall darnach geraist sein Das auch
1446 754 1868 806 der anndern mit erben noch vill vnnd Arm
1453 796 1871 858 sein auch denen Zu gueten khaumbhalber
1446 846 1889 915 taill überbliben hab für der Stat gerechtig
1454 900 2112 997 khait nuer 12 γ d bezalt genomen f. 12 s. d
1368 1011 1750 1292 Latus per se.
