<?xml version="1.0" encoding="UTF-8" standalone="yes"?>
<PcGts xmlns="http://schema.primaresearch.org/PAGE/gts/pagecontent/2013-07-15">
    <Metadata>
        <Creator>Transkribus</Creator>
        <Created>2025-02-14T13:52:01.939+01:00</Created>
        <LastChange>2026-01-19T12:44:40.239+01:00</LastChange>
        <TranskribusMetadata docId="6916235" pageId="91557915" pageNr="82" status="GT" userId="261754" imgUrl="https://files.transkribus.eu/Get?fileType=view&amp;id=JPXARVXZYNOIUYFBKCMMYVKR" imageId="76391497"/>
    </Metadata>
    <Page imageFilename="WSTLA-OKA-B1-1-094-1_00082.jpg" imageWidth="2329" imageHeight="1505">
        <TextRegion id="region_123291505" custom="readingOrder {index:0;} structure {type:page_1;}">
            <Coords points="0,0 1164,0 1164,1505 0,1505"/>
            <TextLine id="tl_1739538595" custom="readingOrder {index:0;}">
                <Coords points="511,192 511,239 515,247 522,248 574,248 620,256 640,256 678,251 740,252 757,250 794,251 807,255 845,256 862,253 871,248 890,245 970,246 982,245 986,242 986,212 983,208 972,204 967,198 910,189 879,189 860,194 829,199 716,195 662,202 637,201 590,192 560,191 541,188 519,187 513,189"/>
                <Baseline points="511,238 986,238"/>
                <TextEquiv>
                    <Unicode>Margretta weylendt Magister Lienhard</Unicode>
                </TextEquiv>
            </TextLine>
            <TextLine id="tl_1739538591" custom="readingOrder {index:1;}">
                <Coords points="547,253 548,260 547,284 548,286 551,287 621,285 635,283 655,283 690,286 726,284 767,284 798,289 821,288 844,284 873,284 895,287 922,287 958,283 972,283 978,281 979,278 979,256 974,254 923,255 915,253 876,252 839,255 753,255 739,258 723,259 703,256 695,253 674,254 666,257 659,257 653,260 628,262 620,259 610,258 607,255 595,253 590,250 577,248 552,248 549,249"/>
                <Baseline points="547,278 979,278"/>
                <TextEquiv>
                    <Unicode>ten wierttinger gelaßne wittib bezalt</Unicode>
                </TextEquiv>
            </TextLine>
            <TextLine id="tl_1739538597" custom="readingOrder {index:2;}">
                <Coords points="543,298 544,315 543,321 544,324 548,326 554,327 585,327 613,325 630,326 642,332 649,332 656,334 664,334 681,330 687,324 692,324 703,320 728,320 745,323 750,326 762,327 813,326 845,320 882,320 924,328 946,328 974,325 980,322 979,291 958,286 923,287 911,290 859,286 842,287 822,291 804,291 795,289 787,285 780,285 773,283 746,283 721,287 711,291 705,291 693,295 674,295 663,291 644,288 550,289 544,291"/>
                <Baseline points="543,319 980,319"/>
                <TextEquiv>
                    <Unicode>den Aindlifften Nouembris diß Iars den</Unicode>
                </TextEquiv>
            </TextLine>
            <TextLine id="tl_1739538587" custom="readingOrder {index:3;}">
                <Coords points="545,331 545,360 548,362 561,363 640,360 697,360 707,361 712,364 722,366 743,367 766,362 788,360 829,367 837,367 847,364 864,362 888,362 929,369 949,369 992,362 998,359 1007,358 1011,354 1011,327 1008,324 1003,323 984,323 956,328 923,331 899,330 885,327 866,327 860,325 834,324 803,330 784,331 738,321 714,321 697,324 692,329 681,330 675,337 651,339 636,334 613,331 551,328"/>
                <Baseline points="545,357 1011,357"/>
                <TextEquiv>
                    <Unicode>Zinß von Irem Leibgeding viertl Weingarten</Unicode>
                </TextEquiv>
            </TextLine>
            <TextLine id="tl_1739538592" custom="readingOrder {index:4;}">
                <Coords points="546,368 546,413 548,416 720,423 834,431 896,431 1076,437 1191,436 1195,433 1196,427 1195,373 1188,368 1171,366 829,361 634,361 557,363 548,365"/>
                <Baseline points="546,418 1196,418"/>
                <TextEquiv>
                    <Unicode>zu S Nicla gehorig den Zinß f. 1. s. d</Unicode>
                </TextEquiv>
            </TextLine>
            <TextLine id="tl_1739538603" custom="readingOrder {index:5;}">
                <Coords points="982,536 981,534 977,533 938,533 911,539 844,540 823,544 818,546 814,550 804,551 799,555 787,557 781,562 772,563 764,566 735,565 714,560 676,556 646,550 529,550 522,553 521,568 524,577 531,580 537,587 536,592 539,598 557,603 595,603 646,600 653,602 662,602 677,606 697,606 739,597 771,594 793,594 822,599 886,599 912,602 934,602 978,596 981,594"/>
                <Baseline points="521,587 982,587"/>
                <TextEquiv>
                    <Unicode>Herr Michlotterer Burger alhie be</Unicode>
                </TextEquiv>
            </TextLine>
            <TextLine id="tl_1739538588" custom="readingOrder {index:6;}">
                <Coords points="551,604 552,634 555,636 573,638 622,638 657,634 684,634 720,637 751,634 836,635 859,632 885,632 886,631 914,632 928,634 968,635 972,634 974,631 974,602 971,600 951,600 930,603 912,603 888,599 870,599 831,606 815,607 796,605 770,597 754,596 753,597 737,597 720,600 715,604 707,605 697,610 679,610 673,608 668,604 649,601 574,601 572,600 556,601"/>
                <Baseline points="551,626 974,626"/>
                <TextEquiv>
                    <Unicode>zalt den dreitzehennden tag Nouembris</Unicode>
                </TextEquiv>
            </TextLine>
            <TextLine id="tl_1739538586" custom="readingOrder {index:7;}">
                <Coords points="975,637 974,635 967,633 898,633 882,636 842,640 817,645 794,645 775,642 756,641 720,642 676,636 614,636 613,637 568,636 553,639 552,641 552,681 553,683 558,685 592,686 606,684 616,680 623,680 632,677 680,672 697,673 708,676 714,676 723,680 731,680 738,682 757,682 800,676 813,672 820,672 826,670 853,670 876,674 895,674 920,679 938,679 952,673 966,672 973,669 975,666"/>
                <Baseline points="552,672 975,672"/>
                <TextEquiv>
                    <Unicode>dises Iars den Zinß von 100 γ d auf sey</Unicode>
                </TextEquiv>
            </TextLine>
            <TextLine id="tl_1739538585" custom="readingOrder {index:8;}">
                <Coords points="1011,681 1007,675 991,670 971,670 951,674 942,678 921,679 892,671 858,668 839,668 800,673 792,677 783,677 744,683 722,683 683,675 651,675 622,679 614,683 598,684 556,693 553,696 553,714 559,717 596,714 726,714 755,722 779,721 785,718 795,717 802,712 811,711 819,708 834,706 862,706 885,710 924,713 952,718 977,719 1004,715 1011,711"/>
                <Baseline points="553,707 1011,707"/>
                <TextEquiv>
                    <Unicode>nem haus Vnndtern Tuechlauben verschrib</Unicode>
                </TextEquiv>
            </TextLine>
            <TextLine id="tl_1739538596" custom="readingOrder {index:9;}">
                <Coords points="984,725 983,722 973,719 902,713 869,713 868,712 834,713 815,717 794,719 785,722 767,725 748,725 725,720 679,722 626,715 593,715 561,720 558,723 559,727 558,728 558,764 563,767 582,767 608,762 615,762 623,758 650,755 675,755 699,758 719,758 748,762 779,763 799,758 804,754 810,753 829,753 842,756 874,758 908,764 971,762 981,760 984,756"/>
                <Baseline points="558,751 984,751"/>
                <TextEquiv>
                    <Unicode>en Zu Margretta Taflerin Stifft geho</Unicode>
                </TextEquiv>
            </TextLine>
            <TextLine id="tl_1739538593" custom="readingOrder {index:10;}">
                <Coords points="553,770 553,818 564,822 662,827 766,829 805,828 861,823 1006,823 1167,834 1197,833 1202,829 1202,778 1198,775 1075,772 1057,769 968,763 937,763 914,760 861,760 730,755 596,760 562,765"/>
                <Baseline points="553,812 1202,812"/>
                <TextEquiv>
                    <Unicode>rig Michaelis verfallen f. 5. s. d.</Unicode>
                </TextEquiv>
            </TextLine>
            <TextLine id="tl_1739538605" custom="readingOrder {index:11;}">
                <Coords points="541,1152 548,1154 568,1153 589,1146 619,1141 673,1141 700,1145 827,1145 881,1149 902,1148 911,1146 959,1146 965,1143 965,1089 962,1086 944,1078 920,1075 899,1075 867,1079 797,1079 783,1075 773,1074 766,1071 726,1071 718,1073 699,1072 689,1067 679,1065 676,1059 665,1055 659,1050 652,1049 640,1044 619,1042 607,1046 602,1051 600,1080 589,1088 586,1096 586,1101 582,1105 573,1109 568,1116 560,1119 556,1123 556,1127 551,1132 543,1135 541,1139"/>
                <Baseline points="541,1126 965,1126"/>
                <TextEquiv>
                    <Unicode>Latus . 6 f. s. d</Unicode>
                </TextEquiv>
            </TextLine>
        </TextRegion>
        <TextRegion id="region_223291505" custom="readingOrder {index:1;} structure {type:page_2;}">
            <Coords points="1165,0 2329,0 2329,1505 1165,1505"/>
            <TextLine id="tl_1739538602" custom="readingOrder {index:0;}">
                <Coords points="1440,204 1440,248 1443,255 1458,262 1482,265 1508,266 1543,261 1552,258 1569,257 1602,262 1612,267 1620,268 1643,275 1667,277 1699,276 1712,271 1718,266 1738,262 1753,262 1768,265 1778,270 1805,276 1833,276 1848,274 1864,270 1867,267 1867,237 1865,235 1842,229 1833,224 1826,223 1816,219 1810,220 1800,227 1785,231 1737,231 1727,234 1704,236 1689,232 1680,226 1674,225 1665,218 1655,216 1653,212 1641,210 1635,206 1629,205 1612,205 1604,208 1595,209 1587,215 1566,214 1558,210 1542,207 1520,206 1479,200 1449,200 1444,201"/>
                <Baseline points="1440,257 1867,257"/>
                <TextEquiv>
                    <Unicode>Steffan huttendorffer Burger vnnd</Unicode>
                </TextEquiv>
            </TextLine>
            <TextLine id="tl_1739538589" custom="readingOrder {index:1;}">
                <Coords points="1454,274 1455,299 1458,301 1464,302 1478,302 1493,304 1506,303 1515,300 1539,299 1601,308 1631,308 1641,306 1668,305 1680,306 1703,311 1711,311 1733,306 1753,306 1768,304 1769,305 1782,305 1789,309 1797,310 1804,314 1856,314 1858,313 1858,277 1857,275 1851,273 1821,274 1788,278 1762,278 1759,277 1753,270 1748,269 1742,265 1723,265 1715,268 1711,272 1705,273 1696,278 1686,279 1657,275 1644,275 1635,273 1619,273 1608,269 1603,269 1596,265 1588,264 1581,261 1554,260 1553,261 1531,261 1522,265 1517,265 1506,269 1487,270 1476,268 1461,268 1457,269"/>
                <Baseline points="1454,299 1858,299"/>
                <TextEquiv>
                    <Unicode>Metzenleicher alhie zalt von den funf</Unicode>
                </TextEquiv>
            </TextLine>
            <TextLine id="tl_1739538590" custom="readingOrder {index:2;}">
                <Coords points="1452,309 1452,334 1458,337 1484,341 1509,341 1525,338 1552,338 1570,341 1574,346 1577,347 1593,348 1621,342 1671,341 1680,343 1689,343 1695,345 1703,345 1709,347 1734,349 1743,352 1769,356 1794,356 1802,358 1871,358 1872,357 1872,323 1867,318 1828,317 1801,314 1795,311 1763,305 1750,305 1737,307 1706,317 1693,317 1681,315 1674,311 1663,309 1660,306 1646,303 1635,303 1630,306 1620,308 1612,312 1566,307 1553,303 1547,303 1535,300 1514,301 1510,303 1490,307 1458,306"/>
                <Baseline points="1452,342 1872,342"/>
                <TextEquiv>
                    <Unicode>viertl Weingarten auf dem I haus ge</Unicode>
                </TextEquiv>
            </TextLine>
            <TextLine id="tl_1739538601" custom="readingOrder {index:3;}">
                <Coords points="1456,347 1456,389 1458,392 1501,398 1521,407 1515,412 1515,418 1537,424 1576,427 1607,426 1732,431 1940,431 1964,434 2054,438 2089,445 2100,444 2104,441 2104,370 2094,367 2070,364 2041,364 2027,361 1981,360 1962,357 1835,356 1810,353 1761,353 1641,342 1459,343"/>
                <Baseline points="1456,417 2104,417"/>
                <TextEquiv>
                    <Unicode>legen den Zinß diß Iars f 5 s. d</Unicode>
                </TextEquiv>
            </TextLine>
            <TextLine id="tl_1739538599" custom="readingOrder {index:4;}">
                <Coords points="1865,548 1864,542 1861,539 1852,536 1843,529 1825,526 1807,526 1783,523 1693,523 1656,521 1637,523 1608,531 1582,531 1541,523 1524,522 1506,525 1496,529 1487,530 1480,534 1472,535 1441,535 1425,531 1406,529 1403,530 1401,533 1401,586 1404,589 1408,590 1425,590 1472,584 1529,584 1538,586 1594,584 1639,591 1659,590 1670,587 1689,585 1713,587 1780,587 1807,590 1851,588 1863,586 1865,583"/>
                <Baseline points="1401,572 1865,572"/>
                <TextEquiv>
                    <Unicode>Dem Achtzehenden tag Nouembris bezallt</Unicode>
                </TextEquiv>
            </TextLine>
            <TextLine id="tl_1739538604" custom="readingOrder {index:5;}">
                <Coords points="1448,587 1448,620 1452,622 1476,620 1510,620 1541,624 1578,625 1597,628 1604,631 1623,635 1645,634 1654,631 1668,629 1697,628 1727,625 1755,627 1789,627 1809,624 1838,624 1862,628 1875,628 1878,626 1879,616 1878,588 1876,586 1868,585 1837,585 1792,588 1756,588 1712,583 1686,583 1667,585 1655,588 1637,589 1601,584 1529,584 1507,582 1466,582 1452,584"/>
                <Baseline points="1448,621 1879,621"/>
                <TextEquiv>
                    <Unicode>herr herman Payr Stat Richter alhie</Unicode>
                </TextEquiv>
            </TextLine>
            <TextLine id="tl_1739538598" custom="readingOrder {index:6;}">
                <Coords points="1445,627 1446,660 1451,662 1471,664 1476,668 1483,669 1487,672 1498,674 1531,673 1538,669 1546,668 1553,664 1584,661 1634,661 1659,666 1677,666 1689,663 1765,662 1798,665 1806,668 1835,673 1860,673 1863,671 1864,665 1863,631 1857,628 1821,628 1782,634 1766,639 1747,639 1742,637 1732,636 1723,632 1710,630 1688,630 1672,632 1647,640 1628,641 1588,632 1582,632 1575,629 1551,624 1507,621 1482,621 1446,625"/>
                <Baseline points="1445,660 1864,660"/>
                <TextEquiv>
                    <Unicode>den Zinß von waringer Weingarten Zu</Unicode>
                </TextEquiv>
            </TextLine>
            <TextLine id="tl_1739538600" custom="readingOrder {index:7;}">
                <Coords points="1441,667 1442,677 1441,705 1445,708 1451,709 1518,710 1543,714 1551,718 1573,719 1583,717 1595,711 1600,711 1610,707 1627,705 1648,706 1668,710 1692,710 1714,706 1752,707 1780,710 1790,714 1797,714 1802,716 1822,719 1848,719 1854,718 1859,714 1859,674 1855,671 1822,669 1785,664 1747,664 1716,671 1674,671 1644,667 1620,662 1589,662 1542,671 1523,673 1504,671 1496,668 1464,663 1446,663 1443,664"/>
                <Baseline points="1441,704 1859,704"/>
                <TextEquiv>
                    <Unicode>Prun gelegen so dem Mertt SultzPeckhen</Unicode>
                </TextEquiv>
            </TextLine>
            <TextLine id="tl_1739538606" custom="readingOrder {index:8;}">
                <Coords points="1447,712 1448,770 1451,773 1478,780 1522,784 1688,784 1757,787 1820,787 1834,784 1863,783 1886,784 1950,794 2065,794 2094,797 2107,796 2112,792 2112,749 2105,745 2053,738 2002,738 1935,734 1884,727 1874,722 1845,717 1742,708 1478,707 1451,708"/>
                <Baseline points="1447,773 2112,773"/>
                <TextEquiv>
                    <Unicode>leibgeding neeis sein lebenlanng veschriben f. 8. s. d</Unicode>
                </TextEquiv>
            </TextLine>
            <TextLine id="tl_1739538594" custom="readingOrder {index:9;}">
                <Coords points="1306,1180 1312,1186 1337,1186 1356,1179 1378,1176 1393,1169 1429,1168 1453,1160 1529,1156 1541,1159 1590,1160 1622,1168 1740,1169 1773,1177 1799,1178 1813,1185 1834,1186 1842,1181 1844,1174 1844,1110 1841,1103 1836,1100 1796,1089 1661,1088 1643,1082 1601,1078 1588,1064 1579,1060 1574,1051 1574,1021 1590,1004 1593,996 1593,950 1583,946 1506,946 1487,950 1479,960 1478,1013 1475,1021 1460,1031 1458,1048 1442,1056 1439,1067 1426,1075 1419,1087 1412,1094 1405,1097 1394,1109 1388,1111 1378,1123 1365,1127 1360,1139 1348,1143 1338,1151 1327,1155 1323,1165 1309,1173"/>
                <Baseline points="1306,1126 1844,1126"/>
                <TextEquiv>
                    <Unicode>Latus 13 f. s. d</Unicode>
                </TextEquiv>
            </TextLine>
        </TextRegion>
    </Page>
</PcGts>
