2485 1741
1377 32 2145 497 Betzallung
1690 476 2087 552 des Entlechneten gellts
1591 617 2113 719 Den Zwen Vnndtzwaintzigisten tag Mar
1628 704 2107 771 tii dises 61 Iars hab Ich dem herrn
1628 756 2101 832 Audreig Weisen beysiger der Khay
1626 814 2098 883 serlichen Statgerichts alhie bezalt,
1617 871 2122 948 2000 f. so vertigs etc Sechtzigist Iars,
1615 930 2120 1001 In Vingerischer Weisser münß Gemay
1619 986 2095 1058 ner Stat auf ain halbs Iarlanng
1614 1043 2128 1120 an Interesse dargelichen, Innhalt ver
1618 1106 2404 1208 schreybung Idest f 2000. s. d
1376 1200 1975 1513 Latus per se.
