2258 1517
366 176 858 263 Mer dito erleg Bernhardt waldegkher
426 251 1083 328 Goldschmidt fürs burgerrecht f. 2 s d
385 388 852 474 Item den dreytzehenden tag Augusti ist
421 449 872 503 Georg Kastl Rom. Kay. Mtl. Kellner
438 484 875 542 schreyber zu burger angenomen vnnd be-
439 533 1112 613 Zalt nach gebrauch f. 2 s. d
418 658 873 752 Mer der Sechtzenden Augusti Irer Ro.
445 741 874 798 Kay. Mtl. leib Trobant hanns New
451 786 1104 868 ratt fürs Burgerrecht erlegt f. 2 s. d
399 928 889 1019 Idem dito Mathes Potschitz Seidenstrickher
446 1004 1112 1080 zu burger angenomen worden zalt f. 2 s. d.
305 1107 866 1296 Latus 8 f. s. d.
1428 167 1907 250 Veit Knoll Leinwatter ist den Neüntzehenden
1456 236 1896 285 tag Augusti dises Iar auch zu burger ange
1455 275 2113 355 nomen worden vnnd bezallt f. 2. s. d
1429 404 1919 473 Hanns Kirchweger ist dito zu burger ange
1460 464 2107 549 men worden vnnd zalt nach gebrauch f. 2 s. d
1407 586 1890 700 Hanns Durrnwerger Zimerman ist zu bur
1458 686 2133 770 ger worden den 20 Augusti bezalt f. 1 s 4. d
1411 860 1899 940 Hanns Schoberl Peckh ist den zwainzigisten
1456 924 2132 1016 Augusti zu burger angenomen Vnnd bezalt f. 2 s. d
1409 1030 1864 1225 Latus 7 f. 4 s. d
