<?xml version="1.0" encoding="UTF-8" standalone="yes"?>
<PcGts xmlns="http://schema.primaresearch.org/PAGE/gts/pagecontent/2013-07-15">
    <Metadata>
        <Creator>Transkribus</Creator>
        <Created>2025-02-14T13:52:01.341+01:00</Created>
        <LastChange>2026-01-15T11:25:43.927+01:00</LastChange>
        <TranskribusMetadata docId="6916235" pageId="91557870" pageNr="24" status="GT" userId="261754" imgUrl="https://files.transkribus.eu/Get?fileType=view&amp;id=WORAQYPWDTNBKWFITYIKGRRU" imageId="76390530"/>
    </Metadata>
    <Page imageFilename="WSTLA-OKA-B1-1-094-1_00024.jpg" imageWidth="2230" imageHeight="1523">
        <TextRegion id="region_122301523" custom="readingOrder {index:0;} structure {type:page_1;}">
            <Coords points="0,0 1115,0 1115,1523 0,1523"/>
            <TextLine id="tl_1739538920" custom="readingOrder {index:0;}">
                <Coords points="444,218 444,267 447,269 481,267 525,274 553,266 586,263 605,266 614,270 626,272 657,271 692,272 721,264 755,263 778,265 783,267 790,274 809,278 818,275 823,275 836,269 841,269 848,266 856,265 859,262 860,252 859,239 857,237 847,233 842,229 836,228 827,222 821,221 811,216 792,216 772,222 749,222 738,219 702,219 691,214 684,213 679,210 663,207 654,207 614,217 596,215 589,210 580,208 575,201 552,200 512,211 499,213 460,214 447,216"/>
                <Baseline points="444,257 860,257"/>
                <TextEquiv>
                    <Unicode>so Ich zuuor Wie Ich außgab des außge</Unicode>
                </TextEquiv>
            </TextLine>
            <TextLine id="tl_1739538921" custom="readingOrder {index:1;}">
                <Coords points="871,271 867,268 854,268 833,272 814,273 790,264 747,264 712,269 701,274 686,276 681,278 665,276 651,272 616,271 608,268 591,265 451,266 445,269 445,314 449,317 483,317 494,321 503,322 508,326 514,327 536,327 551,325 558,322 574,322 587,319 595,319 628,312 656,312 668,314 682,312 692,308 709,304 752,305 760,307 780,308 786,310 802,309 814,306 826,305 839,306 865,305 870,303 871,301"/>
                <Baseline points="445,309 871,309"/>
                <TextEquiv>
                    <Unicode>lichen gellts begriffen Dahin bezallt</Unicode>
                </TextEquiv>
            </TextLine>
            <TextLine id="tl_1739538935" custom="readingOrder {index:2;}">
                <Coords points="854,309 850,305 828,305 813,310 808,315 801,316 792,322 778,324 758,323 748,318 738,316 735,311 732,309 717,305 696,306 689,308 641,309 619,315 613,319 603,321 597,324 590,324 580,321 537,321 536,320 524,323 505,323 492,319 455,319 445,321 440,328 439,354 445,358 468,356 542,358 556,361 560,365 569,367 577,372 597,371 604,367 614,365 621,360 649,354 670,354 676,356 681,360 698,364 717,360 725,356 733,355 740,352 765,352 776,355 791,356 798,358 823,358 829,356 848,354 851,352 854,344 853,328"/>
                <Baseline points="439,353 854,353"/>
                <TextEquiv>
                    <Unicode>nus weis gelegt hab Da gegen Ich</Unicode>
                </TextEquiv>
            </TextLine>
            <TextLine id="tl_1739538915" custom="readingOrder {index:3;}">
                <Coords points="881,373 879,369 873,366 874,364 880,362 879,358 876,355 876,352 865,349 845,349 812,354 728,353 717,356 696,356 672,352 649,353 622,357 608,365 597,368 592,372 582,371 580,369 581,367 578,365 572,365 562,362 550,362 531,368 515,368 495,366 494,365 497,363 496,362 465,359 444,359 441,361 444,367 440,370 440,402 463,405 512,405 520,403 539,403 573,400 621,403 654,398 688,398 714,402 754,403 808,410 848,412 875,409 881,405"/>
                <Baseline points="440,394 881,394"/>
                <TextEquiv>
                    <Unicode>den herrn Steuer hanndlern Ire Quittungen</Unicode>
                </TextEquiv>
            </TextLine>
            <TextLine id="tl_1739538914" custom="readingOrder {index:4;}">
                <Coords points="443,410 444,456 464,462 478,463 489,467 536,474 868,475 920,471 1011,473 1017,468 1017,419 1016,416 971,412 919,412 886,409 615,406 539,402 456,404 447,406"/>
                <Baseline points="443,456 1017,456"/>
                <TextEquiv>
                    <Unicode>zuegestellt f 10800 s d</Unicode>
                </TextEquiv>
            </TextLine>
            <TextLine id="tl_1739538925" custom="readingOrder {index:5;}">
                <Coords points="401,551 401,626 402,629 409,632 427,632 453,629 517,630 558,622 582,622 628,635 652,634 680,629 735,630 779,623 811,624 837,629 851,634 871,635 875,633 877,628 877,561 875,558 869,556 836,553 780,554 763,558 755,564 745,566 736,574 728,575 720,580 712,581 702,585 674,589 624,589 594,585 568,575 534,568 488,567 481,563 470,560 467,553 456,550 447,544 413,544 403,547"/>
                <Baseline points="401,610 877,610"/>
                <TextEquiv>
                    <Unicode>Mer den Neünvnndtzwainzigisten Iulii aus</Unicode>
                </TextEquiv>
            </TextLine>
            <TextLine id="tl_1739538943" custom="readingOrder {index:6;}">
                <Coords points="881,640 879,633 865,628 830,626 816,622 796,620 774,623 771,628 760,631 752,636 729,635 723,632 711,631 707,629 671,625 651,626 643,631 635,632 625,637 602,633 596,627 577,623 556,623 542,625 531,629 517,630 496,629 480,626 448,625 443,627 443,675 447,679 469,679 475,677 494,675 527,675 570,667 655,670 671,669 677,666 693,663 720,661 754,666 760,670 771,671 780,674 864,677 875,674 875,672 878,670 879,660 881,657"/>
                <Baseline points="443,662 881,662"/>
                <TextEquiv>
                    <Unicode>der Steuer In merlay münß emphangen</Unicode>
                </TextEquiv>
            </TextLine>
            <TextLine id="tl_1739538931" custom="readingOrder {index:7;}">
                <Coords points="453,672 453,727 457,731 477,735 506,738 696,741 732,744 861,748 893,751 1033,750 1033,683 1028,681 917,678 899,675 873,675 858,672 768,669 696,663 558,663 459,668"/>
                <Baseline points="453,729 1033,729"/>
                <TextEquiv>
                    <Unicode>auf meiner herrn beuelch f 1300 s d</Unicode>
                </TextEquiv>
            </TextLine>
            <TextLine id="tl_1739538939" custom="readingOrder {index:8;}">
                <Coords points="870,824 866,819 851,810 833,806 792,802 782,799 760,799 728,807 721,812 701,817 691,818 648,829 628,830 612,833 597,833 581,829 571,819 564,818 551,811 520,809 500,810 462,819 458,824 446,827 445,832 442,836 434,838 429,842 425,876 426,888 419,893 415,901 417,904 424,905 476,905 502,901 538,900 553,895 610,887 667,886 679,883 712,880 733,882 799,881 865,889 870,884"/>
                <Baseline points="415,877 870,877"/>
                <TextEquiv>
                    <Unicode>Item so ist vnnder der Rubrigkhen des auß</Unicode>
                </TextEquiv>
            </TextLine>
            <TextLine id="tl_1739538918" custom="readingOrder {index:9;}">
                <Coords points="873,899 872,897 867,895 849,895 831,892 825,888 817,887 813,882 799,879 778,879 765,882 747,883 735,888 685,896 672,896 661,892 656,892 648,888 627,888 615,892 597,894 588,897 567,897 560,893 552,892 545,886 528,883 485,885 466,888 460,894 459,932 463,936 470,936 494,930 526,926 541,926 565,931 578,931 602,927 614,923 642,921 683,923 695,925 725,925 726,926 748,925 755,923 776,921 804,924 823,924 837,921 870,920 873,918"/>
                <Baseline points="459,921 873,921"/>
                <TextEquiv>
                    <Unicode>gelichen gellts vernomen das auch ainer</Unicode>
                </TextEquiv>
            </TextLine>
            <TextLine id="tl_1739538927" custom="readingOrder {index:10;}">
                <Coords points="854,924 851,922 835,922 820,927 815,927 805,931 786,932 765,938 741,940 709,945 690,942 685,940 681,936 671,934 667,931 639,925 617,925 585,930 576,933 558,933 551,935 530,936 517,938 505,942 460,939 457,940 455,943 455,986 456,989 458,990 478,990 481,989 486,983 494,981 501,976 537,972 579,972 594,976 600,982 607,983 614,987 619,988 630,985 636,985 644,978 652,977 658,972 676,969 695,972 704,975 728,978 810,979 831,975 845,974 852,972 854,969"/>
                <Baseline points="455,973 854,973"/>
                <TextEquiv>
                    <Unicode>Ersamen Lanndtschafft ansinnen Innhalt</Unicode>
                </TextEquiv>
            </TextLine>
            <TextLine id="tl_1739538933" custom="readingOrder {index:11;}">
                <Coords points="874,977 870,974 847,972 823,975 797,976 768,982 759,982 750,984 715,986 703,984 691,978 674,973 658,973 652,975 646,980 636,983 630,988 613,986 601,978 586,974 566,977 559,981 548,983 526,983 509,979 492,978 476,982 468,989 458,992 457,1028 465,1032 476,1032 489,1035 497,1035 514,1031 517,1027 539,1023 585,1030 596,1036 602,1037 612,1043 630,1041 638,1033 642,1031 645,1031 656,1025 667,1023 741,1023 750,1025 761,1032 774,1035 782,1035 816,1029 837,1023 871,1021 874,1018"/>
                <Baseline points="457,1023 874,1023"/>
                <TextEquiv>
                    <Unicode>obligation dergelichen worden funf Tau</Unicode>
                </TextEquiv>
            </TextLine>
            <TextLine id="tl_1739538937" custom="readingOrder {index:12;}">
                <Coords points="873,1034 871,1026 866,1024 850,1025 838,1030 818,1030 804,1026 788,1026 781,1030 773,1031 765,1035 746,1034 733,1029 717,1026 663,1025 614,1031 582,1027 555,1033 527,1032 501,1036 489,1036 479,1033 463,1031 459,1033 457,1036 457,1084 462,1087 516,1089 587,1089 588,1090 623,1090 659,1088 781,1089 814,1088 831,1086 867,1086 870,1085 873,1081 873,1051 871,1044"/>
                <Baseline points="457,1072 873,1072"/>
                <TextEquiv>
                    <Unicode>sent floren Vngerisch gellt daran Ich aus</Unicode>
                </TextEquiv>
            </TextLine>
            <TextLine id="tl_1739538922" custom="readingOrder {index:13;}">
                <Coords points="860,1182 858,1178 850,1175 823,1174 788,1176 767,1184 719,1185 698,1190 651,1184 603,1163 593,1150 584,1147 578,1141 577,1113 561,1104 554,1092 549,1090 523,1091 516,1095 511,1105 494,1111 490,1124 471,1131 470,1141 467,1144 451,1149 446,1162 433,1166 422,1174 408,1179 404,1191 384,1206 378,1219 363,1225 337,1248 320,1254 315,1266 299,1272 293,1285 276,1292 274,1305 269,1312 258,1317 253,1322 253,1341 263,1350 308,1343 317,1338 334,1334 345,1327 355,1325 366,1318 399,1306 410,1299 423,1296 477,1270 495,1266 522,1253 543,1247 570,1249 582,1258 607,1268 617,1267 653,1250 666,1249 797,1253 825,1258 841,1256 855,1251 860,1246"/>
                <Baseline points="253,1285 860,1285"/>
                <TextEquiv>
                    <Unicode>Latus 12100 f s d</Unicode>
                </TextEquiv>
            </TextLine>
        </TextRegion>
        <TextRegion id="region_222301523" custom="readingOrder {index:1;} structure {type:page_2;}">
            <Coords points="1115,0 2230,0 2230,1523 1115,1523"/>
            <TextLine id="tl_1739538941" custom="readingOrder {index:0;}">
                <Coords points="1864,219 1862,213 1858,211 1854,206 1842,201 1822,204 1796,213 1777,214 1773,212 1768,206 1758,204 1752,196 1734,192 1728,192 1720,197 1709,199 1705,204 1694,206 1687,211 1661,216 1658,218 1632,224 1617,224 1612,220 1600,216 1592,211 1572,208 1567,206 1561,200 1542,197 1530,202 1523,203 1515,211 1497,215 1472,212 1464,209 1429,206 1425,208 1423,212 1423,261 1426,269 1461,275 1479,274 1495,268 1511,265 1534,264 1556,267 1590,266 1609,271 1621,277 1639,277 1648,273 1655,272 1665,266 1693,260 1742,260 1756,263 1774,264 1814,273 1822,277 1846,280 1858,278 1864,275"/>
                <Baseline points="1423,258 1864,258"/>
                <TextEquiv>
                    <Unicode>Der Steuer Emphangen hab dreytausent</Unicode>
                </TextEquiv>
            </TextLine>
            <TextLine id="tl_1739538942" custom="readingOrder {index:1;}">
                <Coords points="1431,274 1431,319 1432,321 1435,322 1460,322 1481,320 1492,317 1499,317 1509,314 1558,306 1589,306 1602,310 1609,318 1628,320 1640,315 1647,314 1651,310 1657,309 1660,307 1679,306 1688,307 1695,313 1704,315 1709,321 1731,326 1747,323 1755,318 1763,317 1768,313 1777,312 1786,309 1833,310 1837,308 1838,303 1838,288 1836,284 1812,279 1807,275 1797,273 1792,269 1775,267 1739,270 1700,264 1683,265 1673,269 1668,269 1661,273 1654,274 1646,278 1623,278 1609,275 1599,270 1588,268 1551,270 1545,267 1525,264 1489,264 1479,266 1464,266 1452,269 1436,269"/>
                <Baseline points="1431,309 1838,309"/>
                <TextEquiv>
                    <Unicode>funfhundert drey vnnd funfzig floren</Unicode>
                </TextEquiv>
            </TextLine>
            <TextLine id="tl_1739538923" custom="readingOrder {index:2;}">
                <Coords points="1866,331 1865,326 1857,319 1853,318 1848,314 1827,309 1791,309 1773,313 1767,318 1759,319 1753,322 1728,325 1712,322 1704,317 1693,315 1689,310 1667,306 1660,308 1654,313 1648,314 1645,317 1645,320 1639,325 1619,328 1598,318 1596,314 1590,311 1573,307 1556,309 1546,313 1528,316 1426,318 1423,324 1423,360 1425,363 1438,365 1483,364 1500,362 1538,362 1551,364 1654,364 1687,358 1694,353 1721,350 1749,355 1757,359 1777,363 1833,363 1846,365 1862,365 1866,361"/>
                <Baseline points="1423,348 1866,348"/>
                <TextEquiv>
                    <Unicode>vier schilling zwen vnndzwaintzig Pfening</Unicode>
                </TextEquiv>
            </TextLine>
            <TextLine id="tl_1739538926" custom="readingOrder {index:3;}">
                <Coords points="1856,378 1854,373 1848,371 1821,369 1777,362 1755,361 1745,358 1739,358 1715,353 1695,354 1689,356 1684,361 1676,362 1669,365 1663,365 1654,369 1648,369 1639,373 1628,374 1623,376 1616,376 1597,371 1594,367 1583,364 1578,360 1560,357 1531,358 1508,362 1463,362 1445,365 1430,375 1428,381 1428,412 1430,414 1435,415 1512,413 1530,410 1558,409 1568,404 1577,403 1583,399 1602,397 1640,401 1653,404 1661,409 1679,414 1702,412 1707,409 1715,408 1722,402 1730,401 1737,397 1742,396 1774,396 1805,401 1850,402 1855,400 1856,398"/>
                <Baseline points="1428,398 1856,398"/>
                <TextEquiv>
                    <Unicode>guets Teutsches gellt so Ich den Neün vnd</Unicode>
                </TextEquiv>
            </TextLine>
            <TextLine id="tl_1739538924" custom="readingOrder {index:4;}">
                <Coords points="1848,409 1847,406 1835,403 1808,400 1793,400 1786,398 1755,398 1745,400 1740,405 1729,408 1725,413 1709,418 1687,418 1679,414 1670,412 1660,406 1647,403 1623,401 1595,401 1586,405 1578,406 1572,410 1554,414 1533,416 1505,424 1487,424 1457,419 1447,415 1430,413 1427,414 1423,420 1424,446 1423,453 1426,457 1433,458 1448,455 1458,450 1469,449 1481,445 1506,445 1513,449 1529,451 1544,450 1613,451 1653,458 1657,460 1672,459 1678,457 1677,454 1679,452 1695,445 1709,445 1718,449 1723,449 1731,452 1744,453 1756,452 1776,446 1801,446 1825,451 1841,452 1846,449 1848,444"/>
                <Baseline points="1423,443 1848,443"/>
                <TextEquiv>
                    <Unicode>zwainzigisten Iulii auf ainen schuldtbrief</Unicode>
                </TextEquiv>
            </TextLine>
            <TextLine id="tl_1739538932" custom="readingOrder {index:5;}">
                <Coords points="1429,459 1432,466 1429,468 1428,473 1428,499 1431,503 1435,504 1470,504 1486,501 1492,497 1497,496 1513,496 1525,502 1531,502 1537,504 1550,504 1576,500 1614,491 1630,489 1665,490 1693,494 1749,493 1783,498 1807,499 1827,502 1849,502 1853,500 1853,468 1850,465 1852,461 1851,459 1843,456 1836,450 1818,447 1783,447 1756,450 1738,448 1693,448 1669,457 1653,458 1580,446 1542,447 1481,446 1447,451 1439,455 1433,456"/>
                <Baseline points="1428,488 1853,488"/>
                <TextEquiv>
                    <Unicode>Emphanngen Vnnd mir heut dato wiederumb</Unicode>
                </TextEquiv>
            </TextLine>
            <TextLine id="tl_1739538917" custom="readingOrder {index:6;}">
                <Coords points="1426,507 1425,518 1426,549 1432,553 1453,552 1481,548 1491,545 1500,545 1513,547 1521,551 1536,555 1556,555 1563,552 1567,548 1579,545 1602,545 1628,554 1650,554 1663,551 1679,544 1705,541 1726,547 1732,552 1736,553 1751,552 1763,546 1774,544 1786,544 1794,550 1811,555 1838,556 1847,555 1851,552 1851,506 1846,502 1806,496 1707,495 1690,493 1670,493 1659,491 1624,491 1612,493 1568,495 1561,498 1551,499 1540,504 1522,504 1511,499 1491,499 1477,503 1433,504"/>
                <Baseline points="1425,539 1851,539"/>
                <TextEquiv>
                    <Unicode>heraus gegeben funfhundert Phund Pfe</Unicode>
                </TextEquiv>
            </TextLine>
            <TextLine id="tl_1739538929" custom="readingOrder {index:7;}">
                <Coords points="1431,561 1431,591 1432,592 1457,598 1464,602 1480,604 1502,599 1508,596 1532,595 1550,592 1577,592 1578,593 1641,592 1646,593 1671,590 1694,591 1700,595 1725,602 1746,602 1763,597 1778,595 1788,597 1809,596 1817,594 1821,591 1842,587 1846,582 1845,563 1840,559 1807,558 1785,552 1767,550 1747,552 1703,553 1693,557 1686,558 1680,563 1669,565 1667,568 1646,572 1625,566 1621,560 1610,556 1606,548 1585,543 1567,543 1554,545 1546,549 1538,550 1530,553 1492,552 1468,555 1438,555 1433,557"/>
                <Baseline points="1431,588 1846,588"/>
                <TextEquiv>
                    <Unicode>ning vnnd zusamen 4055 s 5 d 22</Unicode>
                </TextEquiv>
            </TextLine>
            <TextLine id="tl_1739538928" custom="readingOrder {index:8;}">
                <Coords points="1400,613 1400,645 1402,648 1405,649 1465,648 1488,645 1505,645 1525,649 1527,655 1546,659 1575,658 1585,656 1594,651 1626,645 1660,645 1683,642 1716,642 1732,644 1836,645 1840,642 1841,639 1841,618 1839,600 1834,596 1823,595 1803,598 1784,598 1766,596 1748,599 1740,604 1720,603 1711,596 1705,596 1694,593 1674,595 1663,598 1646,598 1636,596 1612,595 1582,590 1560,590 1517,595 1482,603 1466,603 1440,598 1416,598 1401,602 1402,610"/>
                <Baseline points="1400,641 1841,641"/>
                <TextEquiv>
                    <Unicode>Darumben Ich Inen denen herrn Steuer</Unicode>
                </TextEquiv>
            </TextLine>
            <TextLine id="tl_1739538930" custom="readingOrder {index:9;}">
                <Coords points="1851,660 1846,657 1811,659 1776,653 1750,654 1734,651 1724,647 1687,643 1670,645 1630,645 1621,647 1612,647 1601,651 1593,652 1589,656 1579,658 1573,664 1564,666 1557,670 1548,670 1531,664 1528,660 1520,658 1511,651 1491,648 1426,650 1422,654 1422,699 1424,703 1431,705 1461,705 1504,696 1517,696 1557,691 1648,692 1688,689 1708,690 1721,694 1735,696 1760,693 1779,693 1809,699 1846,699 1850,698 1851,696"/>
                <Baseline points="1422,688 1851,688"/>
                <TextEquiv>
                    <Unicode>hanndlern ainen beuelch Vberantwort</Unicode>
                </TextEquiv>
            </TextLine>
            <TextLine id="tl_1739538919" custom="readingOrder {index:10;}">
                <Coords points="1847,717 1846,715 1841,713 1819,713 1806,710 1799,703 1782,696 1773,695 1745,696 1704,691 1683,691 1661,694 1554,694 1523,700 1500,702 1454,702 1441,700 1428,701 1423,703 1421,706 1421,745 1423,748 1432,750 1448,751 1468,755 1490,756 1505,754 1532,744 1542,743 1547,741 1568,741 1595,750 1612,750 1622,747 1635,746 1677,748 1682,746 1693,745 1703,741 1718,740 1736,744 1743,748 1754,750 1760,754 1770,755 1775,757 1840,759 1845,757 1847,754"/>
                <Baseline points="1421,742 1847,742"/>
                <TextEquiv>
                    <Unicode>Actus den funftzehenden Augusti Anno etc.</Unicode>
                </TextEquiv>
            </TextLine>
            <TextLine id="tl_1739538934" custom="readingOrder {index:11;}">
                <Coords points="1429,753 1428,785 1430,797 1458,803 1534,813 1689,821 1942,819 1975,822 2055,822 2081,814 2087,806 2087,773 2085,770 2059,763 2006,757 1920,754 1827,746 1700,742 1539,742 1463,748 1439,748"/>
                <Baseline points="1428,802 2087,802"/>
                <TextEquiv>
                    <Unicode>Im Ain Vnnd Sechzigisten Idest f 4053 s 5 d 22</Unicode>
                </TextEquiv>
            </TextLine>
            <TextLine id="tl_1739538938" custom="readingOrder {index:12;}">
                <Coords points="1411,921 1412,946 1417,955 1422,957 1428,962 1452,964 1467,968 1473,972 1487,975 1498,975 1509,973 1518,969 1534,965 1553,963 1559,965 1571,966 1578,969 1588,970 1593,974 1613,974 1617,970 1640,970 1652,974 1666,976 1705,977 1718,975 1724,970 1734,968 1736,964 1744,962 1750,962 1756,960 1773,962 1819,960 1822,959 1824,956 1823,909 1821,906 1814,903 1791,903 1716,912 1684,912 1676,910 1667,910 1659,907 1635,903 1626,900 1620,900 1611,897 1593,897 1576,902 1569,907 1555,910 1524,907 1508,901 1487,901 1463,907 1451,907 1417,913 1413,915"/>
                <Baseline points="1411,957 1824,957"/>
                <TextEquiv>
                    <Unicode>Mer Emphieng Ich den funftzehenden</Unicode>
                </TextEquiv>
            </TextLine>
            <TextLine id="tl_1739538936" custom="readingOrder {index:13;}">
                <Coords points="1838,964 1835,960 1818,958 1785,960 1735,960 1724,963 1719,969 1710,973 1702,975 1693,975 1667,971 1660,966 1644,962 1612,962 1602,964 1587,964 1570,968 1537,967 1520,970 1512,974 1496,976 1475,973 1463,969 1455,963 1435,962 1431,965 1431,1000 1437,1003 1508,1003 1566,1012 1616,1011 1637,1014 1656,1012 1670,1006 1683,1004 1703,1005 1710,1008 1718,1009 1727,1014 1742,1014 1749,1012 1754,1006 1774,1005 1800,1013 1813,1015 1833,1015 1836,1014 1838,1011"/>
                <Baseline points="1431,1000 1838,1000"/>
                <TextEquiv>
                    <Unicode>tag octobris zu abtzallung des Ent</Unicode>
                </TextEquiv>
            </TextLine>
            <TextLine id="tl_1739538940" custom="readingOrder {index:14;}">
                <Coords points="1434,1011 1434,1062 1437,1066 1445,1068 1640,1072 1660,1075 1742,1079 1755,1082 1810,1083 1835,1086 1941,1087 2010,1098 2022,1104 2053,1105 2061,1103 2061,1025 2031,1020 1956,1020 1916,1016 1888,1016 1875,1013 1743,1012 1720,1009 1627,1005 1443,1005 1437,1007"/>
                <Baseline points="1434,1080 2061,1080"/>
                <TextEquiv>
                    <Unicode>lechneten gelts 3000 Taller ꞩ f. 3500 s d</Unicode>
                </TextEquiv>
            </TextLine>
            <TextLine id="tl_1739538916" custom="readingOrder {index:15;}">
                <Coords points="1273,1311 1279,1316 1302,1321 1381,1281 1392,1279 1408,1272 1427,1270 1440,1263 1451,1261 1463,1254 1473,1252 1483,1246 1494,1244 1576,1244 1607,1236 1642,1236 1658,1238 1673,1243 1780,1245 1805,1252 1843,1257 1852,1250 1852,1171 1844,1166 1821,1160 1789,1157 1768,1150 1753,1148 1736,1148 1700,1160 1675,1161 1666,1154 1665,1145 1658,1136 1650,1133 1639,1124 1607,1113 1597,1107 1570,1104 1531,1088 1512,1085 1485,1087 1468,1093 1454,1104 1439,1110 1435,1127 1416,1136 1415,1155 1408,1162 1399,1166 1395,1170 1394,1181 1375,1195 1374,1207 1371,1214 1357,1220 1353,1225 1351,1238 1332,1250 1332,1258 1330,1260 1313,1266 1312,1275 1307,1281 1297,1286 1291,1292 1290,1301"/>
                <Baseline points="1273,1262 1852,1262"/>
                <TextEquiv>
                    <Unicode>Latus 7553 f 5 s 22 d</Unicode>
                </TextEquiv>
            </TextLine>
        </TextRegion>
    </Page>
</PcGts>
