2240 1524
440 206 878 281 Den Viertzehenden tag Martii abermals
467 264 1089 349 aus der Steuer 1000 Taller thuet In münß f. 1166 s 5 d 10
412 425 895 510 Mer hab Ich den Zwenvnndtzwainzigisten
469 498 899 553 tag Martii aus der Steuer Emphanngen
470 542 904 602 zubezallung etlicher Glaubinger vnnd
474 585 907 647 des wechsel Ambts notturfft In merlay
474 637 1130 716 münß Vt bevelch f 5000 s d
438 774 925 878 Adi den Dritten tag Aprilis dises AinVnd
473 861 922 921 Sechzigisten Iars hab Ich aus der Steur
481 904 914 960 abermals zu den 12 f so der Rom.
472 948 897 1020 Kay. Mtl. Zudem gepey bewilligt
477 1003 1113 1084 worden Emphanngen f 2000 s d
415 1108 904 1279 Latus 8166 f 5 s 10 d
1420 181 1903 270 Item den Sybentzehenden tag Aprilis aber
1447 252 1877 313 mals aus der Steuer Emphanngen In
1442 296 2077 380 zwayer münß auf des ambts nottdurfft f 200 s d
1408 483 1873 548 Adi den Ainvnndzwainzigisten Aprilis
1443 534 1868 593 abermals aus der steuer Emphanngen
1442 575 2034 657 In lauttern zwayern 2000 γ d. Idest f. 2000 s. d.
1422 719 1867 811 Adi den Acht vnnd zwainzigisten tag Ap
1429 795 1856 861 prilis EmPhienng Ich abermals aus der
1432 840 2073 921 Steuer in merlay münß Vnnd gelt f 4000 s d
1394 956 1842 1054 Den Achtzenenden tag Iulii Emphienng
1440 1037 1857 1107 Ich aus der Steuer weiß vngerisch gellt
1245 1108 1846 1326 Latus 8000 f. s. d.
