2322 1581
1293 98 1956 430 Auf der Stat
1487 418 1873 484 zeug hauß ausgeben
1411 538 1908 646 Item den 25 Ianuarii dises Ain Vnnd Sechs
1449 624 1925 684 Zigist Iars hab Ich von Emerich Müllner
1449 666 1894 735 der Khu. Mtl Zu Behem etc bartschien
1449 721 1896 792 khaufft ain schöne Raitterische Rustung
1450 771 2173 850 mit aller Zvegeharung schon Pallire f. 14. s. d.
1405 947 1891 1030 Mer dito Hannsen Weing von Rembt
1448 1005 1919 1090 Trabannten, anschaue Lanndtßkhnechtische
1247 1113 1716 1396 Latus per se
