2279 1508
393 167 876 256 Den Ersten tag Februarii EmPhienng Ich von
458 244 888 303 Mathes Schar hauer für das Burgerrecht
452 291 1110 376 Zwelf schilling Phening Idest f 1 s 4 d.
417 424 878 522 Mer den funfften Februarii Erlegt Paull
459 503 895 565 haußierer das Burgerrecht die gewondt
460 549 880 621 lich bezallung daran Ime 2 s d nachge-
460 606 1149 675 lassen Rest s. 1 s 6. d.
423 794 903 884 Adi den Sechsten Februarii Emphienng Ich
471 872 911 950 Von Melchior Steyrer Goldschmidt
477 925 892 1004 für das Burgerecht zway Phund
468 993 1129 1103 Pfening Idest f. 2. s. d.
431 1081 867 1233 Latus 5 f 2 s d
1447 171 1929 243 Mer den Achten diß Monats von Wolfen Wi
1485 234 2140 324 singer Gwanndler Emphanngen f. 1. s 6. d
1447 382 1919 458 Den Neundten Februarii betzallt Valtin bein
1477 452 2143 535 Steg In der Lanndstraß für das Burgerrecht f. 1 s 4 d
1458 603 1912 690 Idem dito bezallt Bartlme Pranndtmayr
1493 670 2143 764 hanndelsman für das burgerecht f. 2. s. d.
1455 835 1923 917 Adi den zwaintzigisten tag Februarii hat
1488 906 1922 965 Herr Magister Georgius Sedlmayr die
1492 949 1916 1014 gebürnis vom Burgerrecht erlegt vnnd
1484 994 2136 1088 bezallt zween floren Idest f. 2 s d.
1493 1101 1908 1253 Latus 7 f. 2. s. d.
