2346 1560
526 170 1001 253 Niclas Rumpl hat auf seinem haus an der
543 229 989 305 vischer Stiegn 100 γ d dauon der Zinß diß
542 293 1232 359 Iars f. 5. s. d
503 440 986 526 Herr Leopolt offner seeliger ist hausgelt
555 502 988 557 schuldig 1000 γ d auf seinem Haus am
557 539 1001 592 Graben Zum Reckhenstain genanndt ver
556 577 1224 657 schiben dauon der Zinß beruets Iars f. 50 s. d
545 730 1041 810 Weylund herrn Wenndl Khirchamers seeligen
557 796 1036 859 Erben seind von 100 γ d den Leuiten zw
569 836 1068 898 gehorig auf Irem hauß am alten Roßmarckht
562 884 1213 962 verschriben dauon der Zinß diß Iar f. 5. s. d
406 1023 996 1250 Latus 60 f. s. d
1482 178 1956 248 Georg Zenntzoder Rom. Kay. May.
1517 239 1952 298 Pruggambts verwallter gegenschreiber
1518 281 1946 343 ist von den 250 γ d haubtgelt so Er noch
1517 329 1962 401 am seinem haus schuldig diß Iars den Zinß
1518 379 2202 478 zubezallen f. 12. s. 4. d
1461 540 1951 620 Herr Cristoff Enntzianer Burger alhie von
1507 605 1970 661 etlichen Weingarten am Pusenperg den leintz
1506 649 1929 716 zuegehorig den Zinß diß Iars auch noch
1506 697 2196 782 schuldig f. 16. s. d
1431 848 1939 942 Herr doctor Iacob himelreich des Inndern
1492 925 1925 989 Rats soll noch von 100 γ d haubt gellt
1495 970 1899 1039 Zu Thaman Pladers Stifft gehorig
1352 1057 1904 1289 Latus 28. f. 4 s. d
