2358 1653
1148 121 1846 441 Remanentz
1391 427 1815 499 oder ausstendig schuelden
1332 608 1831 709 Item hernach werden In außgab geselt,
1356 688 1814 753 Etliche Personen mit Iren namen Vnnd
1363 728 1839 797 Suma so mir Zum taill In alter Ro
1363 773 1818 842 manenntz fur emphanng khumen, Zum
1363 822 1837 891 taill auch Erst dises 61 Iars schuldig
1364 873 1815 935 worden, wie Ich die Vnndter Ieren
1364 918 1813 992 Vnnderschiedlichen Rubriggen fur voll
1367 972 1811 1043 eingestelt, aber nach Vntzalt sein,
1373 1026 1764 1100 Wie volgt, Zuuernemen
