2339 1543
536 176 1027 259 Guetstekhen Stifft gehorig Michaelis
570 241 1028 301 verfallen dises etc. 61. Iars gebracht
600 284 1184 346 f. 3 s 1 d.
542 384 1007 478 Hannß Vischer fächter hat sein
569 465 1026 525 Ordinari bstanndgelltt des ver
569 506 1005 574 schinen etc Sechzigisten Iars so
557 553 1039 623 Zuuor in Raittung nit khunden
561 606 1047 670 Vrsach das Ers auch erst in disem
569 655 1043 730 Ainvnnd sechtzigist Iars betzalt
576 709 1190 776 hat ꞩ f. 32. s. d.
592 855 1046 939 Dergleichen hat hanß Singrie
601 917 1055 993 ner Puechdruckher von der Ain
473 1028 1004 1253 Latus 35 γ 1 s. d
1519 191 1926 252 hunndert Neuntzig Phund Phe
1515 239 1917 295 ning Auf seinem Hauß vndernen
1503 278 1919 338 Tuechlauben verschriben zu
1515 324 1920 379 Albrecht Wundarzt Stifft
1519 367 1928 425 gehorig den Zinnß des verschi
1515 411 1930 475 nen etc Sechtzigisten Iars Im
1507 458 1936 515 AinVnnd sechzigisten Iar bezalt
1515 503 1934 570 der halbens alhie für Emphang
1508 555 2162 631 gestelltt ꞩ f. 9. s. d.
1529 870 1750 1052 Latus per se
