2294 1519
367 156 845 262 Mer dito Michel oster bezalt für das
425 248 852 302 burgerrecht so Ime verlichen worden
424 292 1099 363 nachgebrauch 26 d. Idest f. 2. s. d.
366 390 872 520 Andre Schwaiger fuerman Zalt dito
429 514 863 570 vmb wegen des Burgerrechts so Ime
436 562 1102 641 dito verlichen worden f. 2 s. d
413 726 885 817 Michel Taugl Weißgarber ist den funf
441 796 884 858 Zehendten Aprilis Zu Burger angeno
442 842 883 908 men Vnnd erlegt für die Gerechtig
444 888 864 965 khait nach gebrauch Ain Phundt
445 950 1145 1044 Vier schilling Phening Idest f. 1. s. 4. d
422 1047 887 1264 Latus .5. f. 4. s. d
1436 144 1931 258 Item Zalt dito Hanns Schifferl für das
1471 239 1925 305 Burgerrecht zwelf schiling Phening so
1481 284 2160 364 Ich Emphanngen f. 1. s. 4. d
1440 442 1925 529 Im Achtzehenden tag Aprilis ist Michl
1484 506 1937 567 Aumullner Peckh zu burger angenomen
1487 558 2160 631 betzalt f. 2. s. d
1434 712 1941 805 Item den funfVnndtzwaintzigisten Aprilis
1487 781 1943 857 ist Sigmund weylundt zu burger ange
1487 836 2190 931 nomen vnnd bezalt nach gebrauch f. 2. s. d
1278 1098 1898 1330 Latus 5 f. 4. s. d
