2297 1526
452 489 966 683 Summa Ausgebens auf die
598 655 941 694 Vbergeer der Weingartten
615 684 938 748 Ø 66 γ . s . d.
1336 66 1928 385 Ausgelihen
1594 373 1730 433 Gellt
1429 510 1902 600 Item den Vierdten tag Martii dises etc
1458 581 1889 636 Ainunnd sechtzigisten Iars, hab Ich
1461 623 1904 685 dem herrn Bet Casstner Zuegestlt Ver
1460 668 1897 728 nung seiner Quittung Zu bezallung des
1455 715 1914 780 herrn Herman Payen Statt Richters
1476 768 2171 854 getraidts hat gebracht f 339. s 7. d
1343 936 1896 1076 Mer den fünfften tag Martii, Dem
1465 1057 1897 1131 Wolfganng Aich Perger Gemainer
1339 1146 1669 1358 Latus per se.
