2341 1531
1312 29 2023 435 Widerumb
1603 390 1810 445 Bezallt gellt
1502 558 1972 641 Item werphines etc Sechzigit Iar Ist In
1537 626 1982 678 meiner Raittung, Vnnder der Rubriggen
1533 666 1969 723 des außgelichen gelts lauter außge-
1529 708 1959 769 furt, waßmassen die Rom. Kay. Mtl.
1520 753 1966 809 Gemainer Stat Paar dargelichen gellt
1529 800 1980 860 schuldig worden, zwey tausent Vier hundert,
1527 851 1988 914 Sybentzehen Phundt 26 ½ d. Inhalt
1524 901 1994 966 Cainer Verschreyhung, des datum den Achten
1527 950 1975 1024 Iunii berurten Iars In Iarßfrist Zube
