2234 1501
464 202 875 286 macherlan, den Khnaben daselbs
461 280 1088 356 laut quittung f. 2. s. d.
366 383 882 503 Dem 17 Augusti hab Ich Ottman Olman
461 493 880 554 ainem Knaben In der Cantorey so un
457 538 883 592 mallen muttirt, unnd nit ferrer zu-
455 578 866 648 gebrauchen auch sonnsten zum Studio
455 629 879 698 nit geschickht, haben meine herrn Ime
455 679 864 741 zu einer abferttigung Vnd Zerung
458 728 864 792 zu seinen Elltern auf Nurmpergkh
453 777 867 850 Innhalt Ratschlags des datum den 14
450 828 868 896 Augusti zuegeben bevelchen Vier
434 884 1144 951 Taller f. 4. s 5. d. 10 d.
286 1081 855 1312 Latus 6 f 5. s. 10 d.
1373 189 1809 290 Item Erichtags den .27. Maii hab Ich
1411 271 1805 332 Von thaman ordhover Burger zu
1413 313 1826 383 wellß diener khaufft Acht stuckh zue
1406 362 1819 429 verherben Leinwadt, mit zwayen
1392 414 1838 478 Zaichen, das stuckh per .23. s. thuet .236. d.
1379 462 1816 525 Daraus leilach Tischtuecher, unnd den.
1396 514 1830 573 Knaben Phaidten gemacht worden.
1402 566 2087 648 Vt Particular Zettl, f 23. s. d.
1355 697 1815 812 Lucasen Plaßman Cantor In der von
1403 797 1828 856 Wienn Capellen, wirdet wochenlich für
1400 841 1827 906 der Knaben, unnd Pyero Pfars atznug
1398 885 1859 947 und underhaltung Innhalt besonnderen
1399 935 1857 994 Particular Zettln, zalt 7 γ 4 s d. thuet
1401 986 2076 1063 die gantz 61 Iaris ut quittung. f. 390. s. d.
1202 1077 1819 1271 Latus 413 f. s. d
