2301 1499
502 156 968 245 Item den NeünVnndtzwainzigsten diß Mo
537 230 979 277 nats erlegt Margreta wolfganngen Lenckh
529 267 969 319 Zu Ober Siffring gelassene wittib von zway
532 301 967 349 en viertl Weingarten In der hintterleut
532 337 953 389 zu Niclas Stainer von leiß Stifft gehorig
533 378 1177 459 den Zinß Michelis verfallen thuet f. 2. s. 4 d
484 502 956 602 Sigmund Greiß Puchler Kasstecher bezalt
525 586 947 637 von seinem Laden an S. Peters khirchen
529 624 983 680 den Zinß Michelis dises etc Sechszigisten Iars
528 670 1183 753 verfalen Georgii ist Zuuor bezalt f. 1. s. 4. d
513 812 941 894 Maister Hanns RappTischer von den
530 883 962 952 60 f. Vng. Zu Zwelf schilling Phening
523 1018 940 1199 Latus 4 f. s. d
1458 190 1891 259 Zu Caspar GrießPeckhen Stifft gehorig
1465 248 2115 326 den Zinß Georgii verfallen gebracht f. 6. s. 6. d
1438 414 1872 484 Herr Valtin Renner Prugmaister zalt
1457 472 1890 519 von 200 γ d Purgkhrecht den leuiten
1458 511 1899 572 zuegehorig den Zinß Georgii verfallen
1451 554 2106 662 gebracht laut quittung f. 8. s. d
1326 679 1867 824 Leopold Gotschalch Peckh erlegt Von den
1442 796 1879 852 100 γ d auf seinem haus am hohenmarckht
1444 836 1888 905 den leuitten verschriben den Zinß Michaelis
1444 886 2109 991 verfallen quittung f. 4. s. d
1263 1018 1880 1235 Latus 18 f 6 s. d
