2307 1555
439 515 860 682 Summa emphangen gelts
537 673 767 706 vom Mauthauß
528 702 889 770 Ø 6306 γ 1 s 11 ½ d
1278 49 1972 370 Vom Trög
1555 352 1784 431 ler Ambt
1448 525 1924 618 In disem Ain vnnd Sechtzigisten Iar Ist
1507 600 1927 652 wochenlich aus dem Trögler ambt ge
1511 643 1924 711 fallen Paargelt wie hernach volgt
1462 812 1939 891 Erstlichen Emphieng Ich des Monats
1500 880 1924 952 Ianunary aus des Tröglers Puxsen
1500 936 2235 1022 auß zellt gelt laut Particular Zettl f. 16. s 3 d 29.
1293 1058 1843 1333 Latus per se.
