2331 1522
461 429 1006 626 Summa Emphangs von
660 601 844 638 Wexlambt
643 619 1034 694 Ø 9 5. s 18 d
1334 62 2008 395 Aus dem gluk
1530 366 1934 436 haffen Emphanngen
1465 500 1911 587 Item nachdem Maister Sebastian Haideg
1509 573 1910 635 kher Goldtphund am alten Roßmarckht,
1510 619 1939 682 burger alhie verschies etc Sechtzigisten Iars
1510 667 1931 724 bey der Tockloblichen Niderostereich,
1494 708 1923 772 ischen Regierung Vnd Burgermaister Vnd
1481 751 1916 815 Rat auf sein Sepplirin erlanngt, ainen
1496 799 1917 871 offnen glickh haften anzurichen, mit vt
1497 853 1931 927 lichen Greineten Vnnd Cainatern weliche
1493 907 1924 980 alß dann, weill souill gellt gefallen
1492 962 1921 1038 noch mit anndern Clainstern gestannden
