2296 1572
1243 75 1892 435 Auf das
1454 418 1861 484 weingart Paw ausgeben
1396 544 1863 625 Den zwelfften tag Iulii Khaufft Ich
1440 614 1885 679 aufs Volwerchen, In Gemainer Stat
1426 665 1877 733 Kellner drey Phund Kherzen, Yedes
1429 720 2130 803 Phund Per 14 d. ꞩ. f. s. 1. d 12
1401 869 1875 964 Item den Ersten tag Augusti khaufft Ich
1443 940 1872 998 Zu notturfft des Vollwerchs In Ge
1446 985 1862 1050 mainer Stat Keller 4 γ Kherzen Zu
1439 1028 2131 1094 14 d ꞩ. f. s 1. d 26
1237 1108 1837 1361 Latus f. 3. s. 8. d
