2346 1526
568 192 1011 268 Den funften Decembris zalt Hanns
586 256 1020 305 hannsel zu Enntzerstorf Vnndterm geburg
587 295 1013 347 von ainem halben Ioch Weingartten den
586 335 1024 389 diennst von Vier Iaren Zu haunolden Schuech
585 380 1223 452 lers Stifft gehorig Iedes 4. d. ꞩ. f. s. d 16
568 535 1023 645 Mer dito Ruepp holzer daselbs von ainem
587 635 1020 698 viertl zwen diennst de Anno etc. 60 Vnd 61.
585 680 1204 757 Iedes 4 d macht f. s. d 8.
555 814 1017 909 Beschafe Zuvor den funfften tag octobris
598 899 1030 968 das Maister Marl Schott schneider erlegt
480 995 1012 1239 Latus f s. 24 d
1455 195 1882 273 von den dreyhundert Phund Phening
1459 256 1892 316 Purgkhrecht auf seinem haus In der Ker
1460 304 1878 361 nerstras verschriben den Zinß Georgii
1468 349 2114 457 verfallen Vt quittung thuet f. 15 s. d
1410 535 1883 605 Den Neuntzehenden tag Decembris er
1458 594 1887 655 legt Asm Colman Überreitter der Vnge
1452 636 1896 693 Vogten Khinder Weingarten Innhalt ainen
1449 675 1882 737 Particular Zetln DarInnen yeder mit
1441 719 1893 779 namen Vnnd Suma verzaichnet hat gebracht
1442 764 1863 822 Paargellt Sechs vnnd Vierzig Pfund
1439 809 1885 872 funf schilling Neün unnd zwaintzig Phening
1439 854 1864 924 Mer seint die Schalautzerischen Erben noch
1443 905 1891 972 schuldig von Sechs Vnnd neüntzig Viertl weingarten
1329 987 1743 1236 Latus per se.
