2332 1531
556 151 1033 250 Hanns Vischer Statfachter hat den funfund
580 233 1019 287 zwaintzigsten Decembris zalt von sey
589 271 1013 333 nem ambt den Gwondlichen bestannd Zinß
579 323 1214 392 diß Iars f. 32. s. d.
544 500 1054 580 Hanns Sigriener Puechfuerer vnnd Trugkher
587 564 1035 617 hat den NeunVnndzwaintzigisten Decem
591 607 1031 655 bris zalt von hundert Neüntzig Phundt
589 645 1014 702 Phening Purgkhrecht zu Dorothea
595 688 1219 766 Flußhardtin Stifft gehorig den Zinß f. 9 s. d.
535 791 1020 909 Anndre Auer Saltzer Saltzgries zallt
603 896 1024 966 von hundert Vierzig Pfund Phening
451 1026 1012 1249 Latus 41 f. s. d.
1463 169 1887 245 Zu Niclas Raitingerin Stifft gehorig
1465 229 1898 304 den Zinß dises Ains Vnnd Sechtzigisten Iars
1469 284 2138 389 Vt quittung f. 6. s. d
1422 410 1869 514 Item den Sechsten Demcembris hat mir der
1461 500 1874 555 Current so auf einbringung des diennsts
1460 541 1885 599 Zu der Fuexlin Stifft hof Zu Meirling ge
1456 591 1873 646 horig In dem Weinlesen dises etc Ain Vnnd
1444 634 1883 691 Sechtzigisten Iars gehalten Paargellt
1454 678 1876 738 Überanwordt Ain Vnndreissig Pfundt
1454 726 1879 785 funf schilling Acht Phening laut sondern
1447 774 1889 832 Particular Registerl darinnen yeder
1454 820 2181 921 mit seinem namen Vnnd Suma verzaichnet f. 31. s 5 d 8
1297 1024 1858 1218 Latus 37 f 5 s 8 d
