2227 1521
432 180 887 294 Pfundt Phening gegen ferttigung der Gwerr
435 281 847 342 den SybenVnndtzwaintzigisten tag Maii In
441 329 1082 433 der Stat Canntzley bezalt f. 40. s. d
425 495 885 566 Item nach dem weylundt Wolfganng Frankh
442 554 872 605 seliger Todtes verschiden vnnd khain legitti
440 596 874 649 mirtter Erb zu seiner verlassung verhannden
441 635 846 694 sein fraw Muetter Iuliana Lindnerin
433 682 867 740 nach seinem ableiben weder speren nach
432 720 887 783 Inuentirn lassen Derwegen
437 766 872 820 sy sich mit gemainer Stat schuldig ist zu
443 808 859 863 uergleichen gleichwoll durch mich vnd
437 853 869 908 die frawen dauontwegen ain verschlafen
433 899 888 961 beschehen weliches Ich meinen herrn
424 946 860 1012 Burgermaister vnnd Rat furbracht
427 999 853 1069 Damit aber hier Innen wir ordenlich
280 1072 686 1354 Latus per se.
1453 200 1879 289 gehanndelt haben Ire g die handlung auf
1452 276 1878 329 die Rait Camer beschieden zu guettiger ver
1451 313 1883 366 gleichung vnnd herrn Larenntzen huttndorffer
1442 354 1857 410 Ro. Kay. Mtl. Rat vnnd herrn Cristiern
1439 397 1867 454 Tantstetter beede zu Commisarien verorndt
1449 435 1874 494 weliche In meinen bey sein alle guetter mit
1451 480 1854 539 fleiß vberlegt vnnd auß gesezt auch nach
1450 523 1876 580 meiner gethanen anforderung letstlich
1445 565 1878 628 die sachen dahin verglichen Das gedachte
1443 616 1863 675 Fraw Lindnerin Innhalt aufgerichten ver
1448 666 1869 723 trags Gmaine Statt solle für Ir aufor
1446 711 1871 763 derung Paargellt heraus geben zway
1445 754 1887 812 Tausent Pfundt Phening Darzue In Irem
1445 804 1867 856 Testament der Stat auch mit ainem legat
1449 848 1875 902 bedenckh. Darbey es Vill gedachte
1449 893 1876 959 meine herrn bleyben lassen vnnd auf solhe
1448 948 1853 1011 bewilligung sy die fraw wittib mir
1441 995 1847 1072 Ins Ober Camerambt erlegt hat den
