2354 1546
592 194 1031 262 alten Roßmarckht verschriben den Zinß
594 250 1215 329 dises Ain Vnnd Sechigisten Iars f. 25 s. d
561 405 1020 487 Lienhard herbst des aussern Rats hat
605 477 1035 537 auf seinem Haus der Gundlhof genannd
602 521 1027 579 verschriben 440 γ d dauon er schul
608 568 1230 655 dig den Zinß dises Iars f. 22 s. d.
573 723 1008 814 Mer ist Ermelter herbst schuldig von
597 798 1030 847 200 γ d. zu Maximilian Parhamers
584 839 1027 910 Stifft gehorig den Zinß dises AinVnd
590 893 1236 984 Sechtigste Iars f. 10 s. d
599 1088 1036 1181 Latus 57 f. s. d.
1437 174 1926 266 Idem herbst von funf Viertl Weingarten
1484 250 1916 307 zu Albrecht Perchanndt Stifft geho
1489 293 1912 353 rig den Zinß berurten Iars Vom Virtl
1493 340 2157 430 ain Pfund Phening f. 5. s. d
1446 490 1909 585 Florian Hamer Stainmetz hat auf seinem
1475 570 1906 625 haus auf Vnnser frawen Stiegen so zu
1470 611 1927 669 uor des Maister Balthauser Puechler
1453 653 1915 713 Statwerchsmaister gewesen Neun
1467 693 1901 754 zig Phund Phening Zu Dorothea
1468 740 1892 801 Flußhartin Stifft gehorig dauon den
1468 793 2161 892 Zinß diß Iars f. 4. s. 4. d
1429 1080 1882 1224 Latus 9 f. 4. s. d
