2251 1521
403 154 875 291 Am Achtvnndtzwinigisten tag Maii er
454 279 839 330 legt Michl Faber weylenndt Vrban
450 318 861 378 Oßwaldt seines vorfordern hausfrawen
450 362 875 420 so er Farber hernach auch Eelichen ge
448 408 865 468 habt legat auf gemaine Stat gestellt
456 455 1086 549 vermug gegebner Quittung f. 15 s. d
404 551 867 649 Lienhardt Ott Iller vnnd burger alhie
456 642 873 691 seliger hat zu gemainer Stat geschafft
457 677 873 733 funff Phundt Phening weliche sein
447 719 891 775 verlaßne wittib heut den AchtVnndzwain
445 762 873 818 zigisten Maii zu der Stat hannden ge
447 805 870 863 gen Quittung bezalt wie vor steet
440 859 1110 966 funf Pfund Phening Idest f. 5. s. d
360 995 855 1258 Latus 20 f. s. d
1431 195 1894 277 Georg Khirchhamer Burger alhie er
1487 269 1891 324 legt den zwenVnndtzwaintzigsten tag
1488 309 1910 373 Maii seiner hausfrawen legat So sy ge
1488 360 2144 446 meiner statt geschafft hat f. 20. s. d
1452 456 1893 569 Adi den Sechsvnndtzwainzigistentag diß
1493 560 1920 609 Monats erlegten Georg SchiernPrant
1485 597 1896 645 Vnnd Hanns Prauntl als executores
1484 632 1912 690 Frawen Anna Erharden Kerbler Rat
1485 677 1915 731 schmidts geweßner hausfrawen Testa
1486 719 1910 779 mennts So sy gemainer Stat geschafft hat
1487 766 1917 824 funf Phund Phening Mer Ieren negsten
1486 809 1880 866 freundten funf Pfundt Phening zwen
1485 854 2140 969 Schilling Phening macht zusamen f. 10 s 2 d
1419 1089 1869 1286 Latus 30 f. 2 s. d.
