2257 1542
398 210 843 299 Mer hab Ich dem Herrn Cantori dises
430 283 853 342 61 Iar, für sein ordinari Prenn holtz,
432 332 1080 422 laut quittung bezalt f. 14. s. d.
393 475 851 582 So wirdet Imo Herrn Cantori alle monat
433 569 865 628 für sein besoldung bezalt, 106. d. die er
429 617 881 682 verung 12 Vnnderschiedlicher quittung.
429 667 1113 745 manatlich empfanngen thuet f. 120. s. d.
383 785 857 877 Item dem Iudas ut, den Knaben In der
421 866 881 935 Stat Cantorey Vbersinger ist Vntzt auf den
431 913 859 984 16 decembris wachenlich nuer .6. s. d.
429 963 867 1033 zubesoldung gegeben, weill aber er
232 1078 847 1292 Latus 134. f. s. d.
1386 194 1850 296 Von meinen herrn, ainen Ratschlag erlanngt,
1395 283 1819 343 Ine wis anndere gesellen zehallten, Vnnd
1395 325 1818 383 wachenlich 1. s.d. zugeben hab Ich Ime
1396 368 1842 432 solche besoldung Vnzt auf dem lesten de-
1397 420 1820 480 cembris das ist 2 Wochen zuegesellt,
1401 471 2055 552 thute die Pesserung 4 s. d. Idest f. s. 4 d.
1326 627 1812 712 Hannsen Singruener Puechfuerer hab Ich
1381 699 1820 758 den Letsten Decembris für Regall Pa
1390 747 1817 821 Pier in die Cantorei laut quittung be-
1377 807 2066 889 zalt .f. 7. s. d. 20.
1201 973 1820 1231 Latus 7 f. 4. s. 20. d.
