2314 1582
1264 71 1973 374 Von der Stat
1591 352 1863 439 Mauthauß
1467 529 1925 625 Item den zwelfften tag Martiii hab Ich
1490 599 1955 659 von den Herrn Gmainer Stat Mauthand
1493 648 1938 716 lern In merlay münß Emphanngen so Ich
1490 696 2167 778 dem Herrn Vnnder Stat Camerer Übergebe f 1000 s d
1453 842 1947 943 Item den dreissigsten tag Aprilis Emphieng
1495 917 1903 981 Ich von den Herrn Mauthanndlern In
1498 967 2160 1049 merlay münß Vnnd gellt gebracht f 700 s d
1318 1108 1889 1378 Latus 1700 f. s. d.
