2480 1609
1365 56 2129 385 Häring vnd
1704 359 2017 436 Kasstecher Recht ./.
1548 507 2055 613 Adi den Achtvnndtzwaintzigisten tag Iunii
1584 598 2081 655 dises Ain Vnnd Sechtzigist Iars Ist dem Tha
1586 639 2049 701 man Rastl auf sein Supplicirn der har
1586 681 2065 742 ringer hanndel bewilligt worden Der
1586 728 2068 794 halben er Ins ober Camerambt erlegt nach
1591 784 2329 905 gebrauch f. 10. s. d
1517 918 2044 1012 Anndre Rutler auf der Lainnb grueben
1579 996 2042 1070 hat Von Leopolden oberleitner Richter
1523 1114 1890 1342 Latus per se.
