2327 1533
1359 92 1977 416 Auf die Bur
1649 390 1816 459 ger Schuell
1471 514 1901 603 Item Zu der Quotember Reminiscere
1503 590 1911 646 den Letsten Februarii hab Ich dem
1507 632 1924 690 Anndrea Steperger Collaboratori
1505 677 1911 748 Zu S. Steffan sein besoldung In
1495 731 2163 806 halt quittung bezalt f. 8 s d
1468 848 1917 946 Mer den anndern Martii den annderen
1498 931 1916 982 dreien Barcalaurien oder Collabo
1496 967 1917 1026 ratorn Ir quartal besoldung laut
1492 1014 2170 1091 Quittung bezalt f. 24. s. d
1274 1122 1913 1312 Latus 32. f. s. d
