2258 1509
521 234 959 321 Vt quittung betzalltt Neünennd
550 308 1108 398 dreissig Phund Phening Idest f. 39 s d.
419 455 937 635 Summa der Ausgaben Auff die
554 588 801 640 Burgerschuell.
602 615 957 688 Ø 414 γ 2 s 20 d.
491 906 914 1106 Latus per se.
1369 58 1895 390 Auf die über
1459 377 1847 441 geher der weingartten
1402 499 1841 580 Item nachdem Ierlichen Vernung der
1440 569 1859 624 Rom. Kay. Mtl. aufgerichten Wein
1446 613 1851 668 gartordnung Vbergeer gehalten,
1445 653 1846 711 weliche darauf sehen sollen, damit
1439 701 1877 758 die arbait Treulich Vnnd Vlaissig Ver
1436 744 1848 801 richt werde, saint In disem Ain Vnd
1406 789 1861 856 Sechzigisten Iar darzue gebraucht
1436 839 1844 892 worden, von 12 Ianuarii Vnntzt auf
1430 883 1838 940 den Letsten Augusti thuet 33 Wochen,
1429 930 1832 982 Hanns Pair Vnnd Hanns Zerer, beede
1432 972 1825 1027 burger alhie, der Yeden Wochenlich
1431 1015 1835 1072 1 γ d besoldung gegeben macht lautt
1429 1054 2109 1132 quittung f. 66. s. d
1260 1132 1677 1344 Latus per se.
