2246 1506
431 181 894 273 Steuer Innhallts beuelchs In merlay
450 269 1109 352 münß f 5000 s. d.
418 399 898 480 Mer Emphienng Ich den dreytzehenden tag
448 466 1121 552 Ianuuarii aus Steuer auf beuelch f. 3333 s 3 d 26
432 602 897 710 Item den viervnndtzwainzigisten Ianuarii
460 679 937 737 abermals auf des Ambts notturfft Emphann
461 728 1093 814 gen In merlay münß aus der steuer f 1000 s. d
457 848 927 947 Mer Emphienng Ich den vierdten Februa
470 927 910 988 rii von den herrn Steuerhanndlern auf
465 979 1120 1067 des Ambts notturfft In gelt f 1000 s. d
384 1065 894 1264 Latus 6333 f 3 s 26 d
1393 169 1880 252 Den Neundten tag Februarii aus der Steuer
1431 235 1873 303 Emphanngen so Ich dem Cristoffen Moser
1435 288 1880 359 wexler vbergeschaff Vnnder selbs Einge
1439 338 2057 419 nomen hat 3000 Taller Vt beuelch f 3500 s d
1391 469 1868 566 Den Sybenten tag Februarii hab Ich aus
1431 555 1869 621 dem Stewer ambt Emphanngen In weissen
1431 606 1871 668 Vngerischen gellt so Ich verschines etc. Sechs
1424 651 1868 721 zigist Iar zu Ennde daselbsthin In die
1444 703 2132 776 Steuer erlegt f 1532 s 4 d 27
1403 800 1863 936 Den Zwelfften tag Martii hab Ich aus
1435 915 1881 982 der Steuer laut beuelchs In merlay münß
1435 963 2077 1050 Emphangen f 1000 s. d
1311 1044 1851 1243 Latus 6032 f 4. s 27 d
