2245 1535
397 207 837 297 Item ZwenVnndtzwainzigisten tag Maii
422 281 823 331 hat hanns Staindl fürs burgerecht
417 314 1060 390 bezalt zway Pfund Phening Idest f. .2. s. d.
385 472 856 548 Den Letsten tag Maii erlegt Larenntz Cam
427 522 856 591 erer Pinter für das Burgerrecht so Ime
428 569 1072 650 verlichen Zway Pfund Pfening Idest f. 2. s. d
391 738 860 820 Mer dito Franntz Haßler hueter zu Burger
439 806 1077 894 angenomen vnnd bezalt davon f. 2. s. d
419 916 859 1029 Mertt Keck ist den dritten Iunii zu bur
436 1010 1079 1100 ger angenomen vnnd bezalt f. 2 s. d
439 1101 840 1273 Latus 8. f. s. d
1414 189 1874 275 Georg Zinckher vischer ist den dritten Iunii
1463 261 1875 324 auch zu Burger angenomen vnnd zalt
1463 310 2102 396 seines vnuermugens halber f. 1. s 4. d
1386 451 1894 545 Item den Sybenden Iunii Erlegt Sebasti
1462 527 1861 591 an Pachmayr Saltzschiesser für das
1455 577 2107 661 Burgerrecht Zway Pfund Phening Idest f. 2. s. d
1425 728 1886 816 Mer dito Cristof offner für das burger
1461 801 2126 892 recht betzalt nach gebrauch f. 2. s. d
1397 978 1909 1064 Im Zehendten Iunii hat Peter weiß Pintter
1455 1041 2138 1130 für das burger recht bezalt f. 1. s. 4. d
1461 1126 1865 1292 Latus 7 f. s. d.
