2300 1493
539 188 977 270 Vrban Piringer hauer vnnd Burger
583 253 989 305 alhie zalt den Zinß von hundert Phund
584 291 1007 345 Phening so zu Anna Reidegkherin Stifft
583 332 1012 390 auf seinem haus hindter S. Pongratzen
578 377 1182 450 verschriben Michaelis verfallen f. 5. s. d
518 529 998 617 Herr Paulus ostermayer burger vnd des
575 603 991 650 Inndern Rats alhie zu Wienn zalt von
577 641 1005 696 seinem bstannd Weingarten Im Kaßgra
577 680 996 735 ben vnnd Khirchaim bey der heiligen
566 725 1189 803 Stat den Zinß dises 61 Iar f. 3 s 4 d
474 1003 994 1150 Latus 8. f. 4. s. d
1391 183 1858 264 Wolf Renntz burger alhie Zalt auch den
1435 253 1841 306 Neüntzehenden tag Nouembris Von ainem
1432 293 1871 354 Ioch Weingarten zu Ennzerstorf In den
1428 339 2086 431 SteyPeunt den Zinß dises Iars f. 5. s. d
1405 510 1846 585 Frannz huendler In der Landtstras Zalt
1421 572 1848 637 den dienst von seinem gartten daselbs diß
1422 619 2106 695 Iars f. s. 4. d 8.
1414 778 1831 860 Augustin Huendler daselbs zalt auch
1429 846 1862 911 von zwayen Iarn den haus dienst daselbs
1426 896 2113 981 verfallen Michalis f. s 2. d 4
1231 969 1859 1205 Latus 5 f. 6 s 12 d
