2305 1532
484 163 897 252 nichtschuldig Damit aber die
490 234 923 294 nit für die hochloblich Regierung gedige
482 282 921 336 vnnd gemainer Stat Freyhaitten Sonnder
478 321 936 377 lich weill er ain Burgers Sun Vnnd geuogt
477 373 919 426 das er mit seinem Erbtaill nit woll auf
480 408 915 468 getzogen werden hab Ich von Ime In der
479 457 913 530 guete Sechszehen Pfund Phening be
483 505 1132 607 zallt genomen Idest f. 16. s. d
462 657 883 736 Item wie es Vmb des Iungen Paullsen
480 726 917 779 Strassers Erbschafft so Ich Über funf
486 768 923 822 tausent Phundt Phening abfart gellt
483 812 918 880 geschaffen Darfür des woll
484 863 907 939 gebornnen vnnd gestrenngen herrn
353 1095 801 1329 Latus per se.
1478 165 1919 250 Hannsen von Karling Satzbrief Ins
1508 241 1943 297 ambt erlegt ist ain Zeaintziger Emphanng
1501 282 1942 343 hernach auch In außgab des Entlechne
1504 326 1969 385 ten gellts bezallung gnuegsam verstann
1509 366 1936 421 den Derhalben
1510 401 1940 505 alhie ferer außzufuren Vnnderlassen
