2301 1552
443 181 893 268 Deßgleichen das gefell Ins Monat October
457 253 888 318 zu Viermallen außgetzellt hat gebracht
457 299 1131 372 alles Vt Zedula f. 17 s 7 d 4
431 433 912 531 Item so hat das gefell Im Monat Nouem
460 507 900 581 bris gebracht zu funfmallen außzellt
461 562 1148 645 Zusamen Idest f. 32 s 7 d 1
442 701 913 785 Ferner hab Ich das gefell Im December
463 769 893 822 zu viermallen lassen außzellen vnnd
471 804 1155 895 Paar gellt befunden f. 23 s 2 d 3
449 923 934 1015 Den funf Vnndtzwainzigisten Tag Martii
474 994 890 1077 erlegt Lienhardt Prunhoferuber
320 1099 882 1315 Latus 74 f s 8 d
1472 189 1924 263 Trogler die gerechtigkheit von den haering
1479 245 1922 304 hutten am hohenmarckt deren zwain
1477 291 2157 380 Zig Von Yeder ain Pfund Phening thuet f. 20 s d
1473 767 1698 888 Latus per se
