2318 1528
528 167 975 244 Den Zinß dises Ain Vnnd Sechtzigisten Iars
531 237 1217 314 Zubetzallen f. 5. s. d
471 376 979 450 Khurein Puchler des aussern Rats hat auf
542 440 987 490 seinem hauß In der Peckhenstras Zu Ma
536 482 981 532 ximilian Pachamers Stifft gehorig ain
534 519 992 574 hundert Phund Phening Weliche weill
532 562 982 620 die herrn Leuten aus dem ober Camerambt
534 607 981 664 bezalt nun mallen gemainer stat zuege
536 651 1198 722 horig den Zinß diß Iars f. 5. s. d
415 734 996 878 Weylendt Steffan Fronleütners seeligen Er
541 857 985 922 ben hab auf Irem haus Vnndtern Tuech
542 902 974 977 lauben zwayhundert Vngerisch galt gulden
549 1006 969 1211 Latus 10 f. s. d
1419 121 1947 249 Dauon sy Iarlichen zutzinsen schuldig dreyt
1510 235 1939 298 Zehen Phund Sechs schilling Pfening So
1510 282 2196 383 alhie diß Iars für Emphanng Idest f. 13 s 6. d
1493 445 1945 519 Leopoldt Pernfues seeligen nachgelassen erben
1500 498 1944 562 seindt Gemainer stat schuldig auf Irem hauß
1489 542 1955 607 In der Schuelstras die weiß Rosen genannt
1480 590 1923 651 Dreyhundert Phund Phening dauon der
1491 639 2186 750 Zinß Yetziges 61 Iar f. 15. s. d
1449 785 1930 867 Ioachim hertzog Burger vnnd des aussern
1487 852 1935 909 Rats alhie zalt den Lesten tag Decem
1499 892 1918 970 bris von den hundert Phund Phening
1433 1033 1909 1260 Latus 28. f. 6. s. d
