2345 1553
594 169 1019 268 Cristof Aschauer gschatlmachers seeligen
593 249 1047 310 witib ist schuldig den Zinß aus dem Keller
599 296 1029 355 Im Waghaus so Zuvor die fraw Knollin
603 344 1007 417 hat gehabt des etc Ain Vnnd Sechtzigisten
595 407 1252 468 Iars f. 5. s. d
551 566 1023 636 Wolfganng Meindel soll von ainen hun
605 628 1021 691 dert gulden Reinisch Gmeiner Stat des
609 678 1230 749 Iars bezallen f. 5 s. d.
590 819 1024 916 Thaman Freinpegerin Kasstecherin
608 909 1010 975 von Irem laden an S. Peters khirchen
597 956 1228 1031 den Zinß schuldig f. s 6. d
492 1042 1031 1228 Latus 10. f. 6. s. d.
1453 205 1919 285 Ruelannd Viechtwannger Tischler von 45
1487 276 1920 328 γ d auf seinem haus In der Trabatner
1490 314 1919 366 stras verschriben zu Wilwaldt Kreüzer
1482 359 2192 450 Stifft gehorig den Zinß schuldig thuet f. 2 s 2 d
1428 478 1888 587 Peter Ratleitner In der Lanndtstras von
1484 575 1885 637 ainem halben garten daselbs seinen
1480 615 2183 709 Zinßt thuet f . 2 s. 4 d
1458 783 1893 863 Mer ist Wolganng Schardinger daselbs
1473 850 2156 948 Von dem anndern halben thail schuldig f 3 s 4. d
1331 954 1882 1223 Latus 8 f 2 s. d
