2300 1519
1259 55 1965 396 Von der Stat
1538 364 1932 434 Grundt Puech Emphanngen
1433 471 1921 595 Adi den fünfvnndzwaintzigisten tag Martii
1476 585 1910 641 dises etc Ain Vnnd Sechzigisten Jars hab Ich
1479 630 1927 681 Von Gemainer Stat Grund Puech emphanngen
1475 668 1901 728 Von hundert Phundt Phening Satz gellt
1469 711 1905 771 Zu weylennd Magdalena Mayrin Stifft
1474 758 1919 821 gehorig auf der heiligen Dreifaltigkkhait
1476 808 1935 868 haus gelegen den verfallen Zinß Von dreissig
1468 855 1915 917 Iaren so Balthasar Vischer In Verneuerung
1467 902 1930 961 der Gwern daselbs erlegt aber die haubt
1459 954 2161 1050 Suma darauf behalten thuet f. 150. s. d
1336 1026 1770 1297 Latus per se.
