2465 1612
493 554 1091 691 Summa Emphangen Paen
622 685 1029 746 Ø 27 γ 6. s. 20. d.
1428 43 2175 389 Aus dem Zeug
1611 340 2115 419 hausz Emphanngen diß Iar
1563 522 2064 612 Item den Sechtzehenden tag Maii hab Ich
1611 596 2058 655 aus gemainer Zeughaus den Soldaten
1606 641 2038 701 verkhaufft zwen halb hackhen,
1608 690 2060 759 Zu 20 s. Mer ain hellmparten scher
1600 740 2366 826 2 s d. Idest f. 5. s 2. d
1550 887 2074 983 Den Achten tag Iulii khauft Ich abermals
1557 964 2079 1048 dem Von Georgen Lebacher, der Rom. Kay
1500 1071 1871 1388 Latus per se.
