2343 1650
1239 133 1888 474 Auf die Rör
1417 454 1833 526 Prunnen in der Stat diß Iar
1348 550 1858 692 Item nachdem die Rom. Kay. Mtl. Vnnser
1375 669 1857 733 genedigister herr, vnnd Erb Lanndßfurst
1380 716 1834 781 das auß fleussenndt Wasser, beim alten
1380 764 1838 827 Kernerthor Gemainer Stat aller
1387 813 1864 884 genedigist Übergeben, doch das vor Schaun
1383 864 1834 933 berger hof Zu Irer Mtl. stallung ain
1389 918 1869 985 Char Vnnd stanndner aufgericht werd,
1390 966 1880 1036 haben gedachte meine herrn befolchen,
1390 1027 1875 1115 von dannen dasselbig Wasser Vnnder der
