2247 1491
453 171 927 242 Adi den VierVnndzwaintzigsten tag Martii
504 231 917 278 erlegt der Trogler den Zinß von den häring
497 268 1134 340 hütten am hohenmarckht dises Iars f. s. d
496 307 646 349 stet: fol ~ 3./
477 399 937 493 Mer dito Emphienng Ich bey Gmainer Stat
500 482 945 531 GrundPuech hundert funfzig Pfund Phening
503 521 941 570 verfallen Zinß so. N. Vischer bey der hey
499 555 936 607 ligen Dreyfaltigkhait von 100 γ d haubt
498 595 931 644 gelt auf demselben haus der Magdalena
501 633 927 691 Mayrin Stifft verschriben daselbst hin er
503 681 1166 756 legt hat f. 150. s. d
468 774 926 901 Item den anndern tag Aprilis dises etc. Ain
506 887 962 954 VnndSechtzigisten Iars hat Thaman lanng
487 1001 908 1194 Latus 500 f. s. d
1445 179 1881 257 betzalt von ainem Weingarten Zu Enntzerß
1443 241 1867 292 dorf In den lanngen ackhern den Grundienst
1441 279 1873 332 von verschinem Sechtzwaintzigisten Vnntzt auf
1426 316 1886 377 das Sechszigist Thuen viervnnddreyssig Iar
1424 363 2132 455 yedes .8. d macht f. 1. s 1. d 2
1378 482 1883 596 Den VierVnndzwaintzigsten tag Aprilis bezalt
1427 582 1879 630 Erhardt Rambsperger leinweber den Zinß
1429 620 1863 666 von funfzig Phund Phening burgkhrecht
1417 657 1875 706 Gemainer Stat auf seinem hauß bey werder
1414 695 1862 741 thor verschriben Mer von fünftzig Pfundt
1413 734 1855 782 Phening des Conradt Pernegkher Zimer
1420 772 1858 823 mans Khündern Zuegehorig yeder Ge
1417 812 1857 867 orgii dises Iars zwaintzig schilling Phe
1423 858 2107 951 ning emphanngen Thuet f. 5. s. d
1249 1006 1828 1225 Latus 6 f. 1 s. 2 d
