2276 1514
402 201 908 274 Hannsen Rueffen Burgers alhie hausfrau
458 257 874 312 Anna seelige hat zu der Stat gebew
459 297 892 358 geschafft Zehen Phundt Phening welche
458 342 888 403 ernennter Ir hauß wirdt dito Vt Quittung
462 391 1108 473 betzallt Idest f. 10 s. d
440 523 908 636 Item den VierVnndtzwainzigisten tag Octo
457 626 883 684 bris dises Ain vnnd Sechszigisten Iars
170 669 901 731 +Magdalena hat mir die Erber fraw +Walburga Wey
460 712 896 775 lenndt Wolfganng Elmayr Zimermans
457 763 885 817 seeligen gelaßne Wittib hat Erlegt
446 804 904 869 Hundert Phund Phening so Ermelten
452 851 886 915 Ir haußwirdt Gemainer Stat der ge
451 900 892 964 stallt geschafft Das man die anlegen
460 949 879 1017 vnd Vom Zinß Ierlichen soll ain arme
254 1049 813 1304 Latus per se
1481 172 1945 266 Iunckhfraw aus Irer der Canleut freund
1495 252 1925 312 schafft der frawen lebenlanng verhey
1487 300 1921 353 raten wo der aber khaine verhannden
1488 340 1922 400 ain anndere Erbere frume Iunckhfraw
1488 389 1923 444 mit der wittib wissen vnnd verwilli
1490 431 1924 489 gung verheyraten weliche Ich gegen
1489 477 2145 578 Quittung Emphanngen Idest f 100 s. d
1422 619 1899 726 Mer erlegt ermellte fraw witib dito etc
1483 721 1910 770 zwaintzig Phundt Phening legat so ge
1487 757 1927 819 dachter Ir haußwirdt Gmainer Stat Testirt
1486 805 2153 879 hat laut Quittung Idest f. 20. s. d.
1521 1001 1916 1178 Latus 120. s. d
