2276 1456
416 470 936 631 Summa der Remanentz fuer
562 607 730 648 Ausgebenn.
531 638 966 707 Ø 10332 γ 2 s 10 ¾ d
1274 70 1913 387 Inuentari
1580 361 1794 424 verhannden
1428 466 1897 603 Item In Emphanng des Inuentarii, ist
1486 570 1912 633 verhannden, das Innhallt meiner Sechß
1482 604 1918 678 Zieg Iärigen Raittung beschluß Im Ambt
1468 654 1894 730 Silber gschmeid verhannden gewesen
1482 696 1903 762 Per 507 γ 2 s 12 ¼ d wertts,
1493 737 1912 807 so Ich widerumben Vbernomen, Der
1508 785 1904 854 gleichen ist des Silber geschneidts
1499 838 1891 904 so auf Ver erung des Fursten Von
1497 882 1904 965 Payrn, Vnd Kaiserlichen frewlin
