2331 1533
588 198 1038 270 Iedem ain schilling Phening gebracht 12 γ d.
589 256 1021 308 vnnd zusamen In Suma 56 γ 5 s 29 d.
583 297 1025 349 weill aber er sy sich der bezallung ver
586 338 1016 392 widern vnnd der hanndel vor der hoch
588 385 1024 451 loblichen Regierung schwebt stelle allain
585 430 1021 501 Ich das Paargelt für emphanng thuet wie
593 489 1220 563 obsteet f. 46 s 5 d 29.
567 616 1023 757 Der erlegt Maister Lucas Guetenfelder
596 744 1032 796 burger alhie von seinen dreyen halb Ioch
598 779 1044 844 Weingarten zu Prunn zu den Nicolaischen
598 830 1029 895 guetern gehorig den Zinß dises 2 o
599 883 1212 966 61 Iars betzalt Vt Quittung f. 9. s 4. d
448 1006 1024 1210 Latus 56 f. 1 s 29 d.
1442 175 1886 257 Frau Magdalena Gampin zalt von hundert
1462 239 1867 300 funfzig Phund Phening auf Irem haus
1461 282 1876 342 am Khienmarckht Zum Roten khreusen
1459 329 1880 398 genanndt verschriben zalt den Zinß ver
1463 382 2103 468 fallen f. 7. s. 4. d
1443 555 1886 619 Fraw Angnes weylendt Wolfganngen Tob
1449 606 1887 658 lers seeligen verlaßne witib yetzo Magister
1449 642 1872 692 Quirein waldegkher der Khu. Wurden
1446 678 1871 735 Zu Behem Edl khnaben Preceptors Eeliche
1441 720 1863 777 hausfraw zalt von hundert Phunndt
1443 766 1888 822 Phening Purgkhrecht zu Barbara Leisse
1440 809 1883 863 rin Stifft auf Irem haus In der Kerner
1438 852 1871 921 stras verschriben den Zinß Michaelis
1444 903 2129 1020 verfallen thuet f. 5. s. d
1282 1022 1852 1223 Latus 12 f. 4. d
