2324 1536
418 482 902 656 Emphang des bezalten burger Recht
470 631 697 671 geldes Zusamen
483 662 861 730 Ø 227 γ 2 s. d.
1309 21 2001 374 Von den Totn
1535 349 1874 425 guetern Emphanngen
1474 509 1945 594 Item nachdem Mathes Plumberger haff
1515 582 1943 636 ner vnnd Bernhardt Schauer beede bur
1516 622 1932 678 ger alhie weylenndt Niclasen lobmwein
1512 666 1936 726 auch hafners seeligen Vngeuogten Tochter
1511 709 1943 773 N. Vnndergesetzte Gerhaben so hernach auch
1510 756 1940 810 Todts abganngen über abferttigung der
1516 798 1944 855 legittimirten Erben Vom Vnndern stamen
1514 844 1948 897 weill sich des obern Stamens niemanndts
1512 890 1938 954 diser Zeit hinzue gnuegesam legittimiren
1511 939 1966 1007 khunen Per Resto heraus schuldig bliben Vier
1515 993 1943 1070 tzig floren haben sie mir solichen Resst
