2385 1612
446 204 895 298 Den Vierdten tag Iulii hab ich abermals auf
447 281 909 333 meiner herrn beuelch Von der Stat Maut
441 317 915 382 hauß Emphanngen so Ich dem Herrn Vnder
442 363 924 436 Stat Camerer übergeschafft hab in merlay
445 429 1151 509 münß f. 1000 s d
409 552 925 661 Mer hab Ich den Neünvnndtzwaintzigisten Iulii
458 641 914 709 von der Stat Mauthauß In merlay münß
453 690 1162 768 Innhalt beuelchs Emphanngen f 500 s d
413 862 914 965 Den funfVnndtzwaintzgister Augusti hab
457 947 932 1011 Ich abermals von den Herrn Mauthand
459 995 1169 1087 lern Emphanngen f. 400 s d
478 1172 892 1317 Latus 1900 f. s. d
1533 168 1986 257 Montags den funftzehenden Septembris
1543 240 1997 289 hab Ich abermals von denen herrn Maut
1543 285 2001 347 hanndlern emPfanngen In gellt so Ich
1538 334 1974 408 dem Herrn Vnnder Camerer Vbergeschafft
1542 380 2235 459 Vt beuelch f. 600 s d
1479 560 1998 630 Den zwaintzigsten Octobris hab Ich aber
1535 614 1998 673 mals von der Stat mauthaus In merlay
1537 658 1994 729 münß So Ich dem herrn Vnnder Cämerer
1544 705 2240 796 Vbergeben hab benenndtlichen f. 700 s d
1507 796 2014 965 Item dem NeünVnndtzwaintzigisten De
1537 943 2002 994 cembris hab ich abermals von der Statt
1539 986 2012 1050 Mauthaus Emphanngen In merlay münß
1531 1040 2294 1134 Vnd Talern hat zusamen gebracht f 1406 s 1 d 11 ½
1490 1150 2002 1351 Latus 2706 f. 1 s 11 ½ d
