2270 1533
401 175 845 266 Item das ganntz Monat Februarii Em
430 255 1062 336 Phanngen Paargellt f. 14 s 2 d 3
391 396 858 473 Martii Monat Emphanngen Innhalt den
424 450 1096 545 gefell Particular thuet f. 36 s 6 d 21.
414 604 852 703 Mer Im Monat Aprilis dises Iar hat mir
428 683 1102 771 der Trogler Paargelt Zuegesellt f 19 s 7 d 3
398 824 839 914 Im Monat Maii Emphieng Ich aber
436 898 867 977 mals aus des Troglers Puxen so Wochen
434 951 1108 1039 lich auszellt gebracht f 15 s 5 d 12
259 1052 865 1258 Latus 86 f 5 s 9 d
1451 176 1892 263 So hab ich des monat Iunii emphanngen
1455 247 2148 337 aus Zetln gefallen gellt aus der Püxen f. 17 s d 24
1422 395 1903 467 Das Monat Iulii ist aus der Püxen so wochen
1449 456 2153 548 lich auß Zelt gehallten so Ich emPhangen hab f 13 s 1 d 29
1417 581 1887 691 Augusto Monat hat mir Togler aber
1451 673 2144 752 mals Vberantwordt das gefell gelt f. 15 s 5 d 11
1412 803 1898 895 Mer ist Im Monat September den gefell Wo
1446 883 1902 954 chenlich ausgetzellt worden hat gebracht
1443 932 2149 1025 zusamen laut Particular Zetteln f. 10 s 5 d 27
1347 1041 1863 1272 Latus 56 f 6 s 1 d
