2312 1495
526 174 964 255 Ioch Weingarten In den Schreybern
530 242 946 290 Zu Haunoldt Schuechler Stifft gehorig
528 282 1165 362 den Zinß dises Ain Vnnd Sechzigisten Iars f. 2. s. d.
523 386 948 494 Mer dito von Wolfganngen Gullven zw
532 482 953 532 Nustorf Von ainem Viertl Weingarten zu
524 520 948 576 Siffring In der hindtern leutten gelegen
531 565 1184 647 Zu Michl. N. Stifft ghorig den Zinß f. 1. s 2. d
440 678 982 818 Wolfganng Zauner burger alhie Zalt von
533 799 971 854 100 γ d auf seinem haus bey den Himel
527 839 1182 923 Porten verschriben Zalt den Zinß f. 5. s. d
350 945 963 1194 Latus 8 f 2 s. d
1428 137 1861 259 Balthasar steger vischer Gasstgeb Zalt von denen
1463 251 1864 300 100 γ d auf seinem haus Zu der heiligen
1454 290 1888 353 drifaltigkhait verschriben den Zinß dito be
1461 336 2100 430 zalt gebracht f. 5. s. d
1411 502 1869 589 Mathes Scholtz Cramers seeligen verlaß
1452 575 1861 631 ne witib so yetzo Conraden Dorn Cramer
1444 616 1865 672 eelichen hat bezallt von funfzig Pfund
1440 657 1851 712 Phening Purgkhrecht auf Irem haus
1442 700 1851 750 am alten Roßmarckht verschriben zw
1435 738 1851 796 Albrechten Puechhartz stifft gehorig
1439 781 1844 840 den Zinß zway Phund Vier schilling
1443 830 2119 937 Phening Vt quittung Idest f. 2 s. 4. d
1321 1036 1840 1164 Latus 7. f. 4. s. d
