2342 1548
537 189 1020 277 Hanns harder Fleischhackher zu Enntzerß
578 258 1027 316 dorf Vnndterm Pistenperg Zu zwayen be
585 300 1011 356 stanndt Weingarten zu den Nicolaischen
581 343 1004 410 guetern gehorig daselbs gelegen den
578 398 1236 474 Zinß dises 61 Iars f. 9. s. d
444 527 1018 635 Haimeran Kembnaters seligen Erben
597 605 1009 668 haben auf Irem haus Vnnderm Tuech
598 652 1016 707 lauben 120 γ d. dauon der Zinß 6 γ d.
591 691 1229 759 zu Steffan Strässel Stifft gehorig f. 6. s. d.
577 835 1027 919 Florian Grießkhircher Von 100 γ d auf
601 902 1032 964 seinem haus da der hayden scheust ver
605 944 1035 1011 schriben zu hainrich Pauer Kartzn
522 1031 1021 1206 Latus 15. f s. d
1477 188 1904 269 Perger Stifft gehorig Zinß diß Iar ver
1495 258 2142 350 fallen funf Phund Phening f. 5 s. d.
1442 427 1907 502 Hanns Sybenburger huefschmid ist schuldig
1484 489 1926 543 von 80 γ d. auf seinem haus am Annger
1485 529 1895 592 verschriben zu der von Eßlarn stifft
1487 578 2154 673 gehorig den Zinß diß Iars f. 4. s. d
1456 750 1898 813 Gregor Antho Schmeltzer hat zalt
1483 806 1885 869 von der Schmelz Im Vnndterm werth
1480 855 2166 947 den Zinß f. 10. s. d.
1326 1062 1877 1216 Latus 19 f. s. d
