2356 1652
361 226 855 373 Iulii für Essen vnnd Tringgen, den Orgl-
359 359 1104 440 machern f. 6. s. d.
331 518 838 641 Item den Achten tag Iulii zalt Ich dem
363 628 859 686 Iungen Adam Waldegg auf seines Vattern
363 671 806 731 Iani Waldeggen Organisten schreiben
362 716 822 782 Achthalben taller für Zerung so er
369 766 876 841 dem fuerman aus Vnd ein zufuerens auß-
370 823 1078 914 geben hat, laut quittung. f. 8. s. 6. d.
274 1170 669 1270 Latus .14. 6. s. d.
1272 544 1847 691 Summa Ausgab auff erneuerung
1388 682 1794 723 der Orgl zu Sanndt Steffann
1399 714 1728 776 Ø 82 γ 6. s. d.
