2278 1511
472 169 970 250 Vlrich Renntzl Pintter bezallt von den hun
522 236 955 288 dert floren auf seinem haus verschriben
524 275 1150 363 den Zinß Georgii f. 5. s. d
497 455 973 540 Mer zalt den Sechsten tag Maii Vrban Sie
518 527 986 578 der schneider von den zwayhundert Phund
518 565 984 619 Phening auf seinem Haus am SilberPuchl
518 605 957 664 verschriben den Zins Zu S. Georgentag
521 653 987 710 verfallen thuet von Michaelis des ver
526 700 1162 786 tigen Sechszigisten Iars Vt quittung. f. 5. s. d
490 828 942 942 Den zehenndten Tag Maii bezalt Steffan
520 930 945 1004 widmer obbßler von den 110 γ d. etc.
473 1040 937 1241 Latus 10 f. s. d
1496 170 1898 259 Purgkhrecht Zu hainrich huetsteckh
1509 251 2111 333 ers Stifft gehorig Georgii verfallen f. 3. s. d
1468 380 1881 482 Valtin Schlichting Kasstecher Zalt von
1499 476 1877 531 seinem Laden auf S. Peters freithof etc.
1496 517 2133 607 den Zinß Georgii diß Iars f. 1. s. 4. d
1473 689 1878 750 Den Neüntzehenden tag Maii zalt Fraw
1485 744 1898 791 Martha Knollin den Zinß von den hun
1484 777 1878 826 dert Phund Phening der Tierna Stifft
1485 816 1903 874 auf Irem haus bey der Peckhenstras ver
1487 865 2114 958 schriben Vt quittung f. 5. s. d
1266 1025 1861 1257 Latus 9 f. 4 s. d
