<?xml version="1.0" encoding="UTF-8" standalone="yes"?>
<PcGts xmlns="http://schema.primaresearch.org/PAGE/gts/pagecontent/2013-07-15" xmlns:xsi="http://www.w3.org/2001/XMLSchema-instance" xsi:schemaLocation="http://schema.primaresearch.org/PAGE/gts/pagecontent/2013-07-15 http://schema.primaresearch.org/PAGE/gts/pagecontent/2013-07-15/pagecontent.xsd">
    <Metadata>
        <Creator>Transkribus</Creator>
        <Created>2025-02-14T13:52:03.013+01:00</Created>
        <LastChange>2025-02-19T10:25:16.086+01:00</LastChange>
        <TranskribusMetadata docId="6916235" pageId="91558005" pageNr="185" tsid="228787050" status="NEW" userId="234" imgUrl="https://files.transkribus.eu/Get?id=MRRVEBECKULVPYKMYSQYPJYD&amp;fileType=view" xmlUrl="https://files.transkribus.eu/Get?id=SAJHHIECNGDRTXYYVKCDDVQS" imageId="76391599"/>
    </Metadata>
    <Page imageFilename="WSTLA-OKA-B1-1-094-1_00185.jpg" imageWidth="2253" imageHeight="1585">
        <ReadingOrder>
            <OrderedGroup id="ro_1739957116086" caption="Regions reading order">
                <RegionRefIndexed index="0" regionRef="region_122531585"/>
                <RegionRefIndexed index="1" regionRef="region_222531585"/>
            </OrderedGroup>
        </ReadingOrder>
        <TextRegion id="region_122531585" custom="readingOrder {index:0;} structure {type:page_1;}">
            <Coords points="0,0 1126,0 1126,1585 0,1585"/>
        </TextRegion>
        <TextRegion id="region_222531585" custom="readingOrder {index:1;} structure {type:page_2;}">
            <Coords points="1127,0 2253,0 2253,1585 1127,1585"/>
            <TextLine id="tl_1739538635" custom="readingOrder {index:0;} headline {offset:0; length:14; continued:true;}">
                <Coords points="1299,247 1301,274 1323,302 1326,350 1345,360 1350,368 1350,461 1353,467 1362,471 1498,471 1525,461 1563,458 1712,458 1762,446 1818,446 1864,458 2011,458 2035,452 2042,439 2042,323 2038,311 2019,302 2013,286 2009,283 1974,277 1941,262 1936,252 1934,232 1919,222 1906,207 1897,203 1867,204 1837,214 1816,214 1791,203 1683,203 1635,178 1604,170 1533,179 1512,187 1494,189 1484,183 1483,170 1460,157 1457,132 1452,127 1427,115 1415,113 1382,127 1378,132 1376,145 1352,157 1349,183 1325,196 1324,222 1306,234"/>
                <Baseline points="1299,380 2042,380"/>
                <TextEquiv>
                    <Unicode>Auf die Schatz</Unicode>
                </TextEquiv>
            </TextLine>
            <TextLine id="tl_1739538636" custom="readingOrder {index:1;} headline {offset:0; length:19; continued:true;}">
                <Coords points="1857,451 1852,448 1828,443 1816,443 1807,446 1799,446 1798,445 1788,444 1782,441 1767,441 1759,446 1753,447 1745,451 1739,451 1738,452 1722,452 1721,453 1713,453 1704,455 1661,455 1650,458 1639,458 1625,461 1610,461 1605,463 1595,463 1594,464 1571,463 1570,462 1561,461 1557,459 1549,458 1546,456 1542,456 1541,455 1527,455 1525,456 1525,507 1528,509 1537,511 1582,511 1588,509 1607,508 1612,506 1631,505 1637,503 1665,503 1666,502 1728,503 1729,502 1736,502 1741,500 1749,500 1750,499 1757,499 1765,497 1825,497 1826,496 1832,496 1837,494 1843,494 1849,491 1855,490 1857,488"/>
                <Baseline points="1525,492 1857,492"/>
                <TextEquiv>
                    <Unicode>Steuer Ins huebhauß</Unicode>
                </TextEquiv>
            </TextLine>
            <TextLine id="tl_1739538638" custom="readingOrder {index:2;}">
                <Coords points="1438,643 1438,683 1443,688 1454,690 1503,689 1539,691 1560,695 1578,695 1613,687 1641,684 1813,681 1835,678 1922,679 1939,677 1944,675 1947,671 1948,589 1946,584 1941,582 1917,582 1897,587 1866,599 1802,604 1702,597 1681,602 1671,609 1661,611 1653,618 1629,626 1592,631 1588,627 1586,620 1596,616 1599,608 1599,595 1587,590 1581,579 1558,573 1541,573 1513,579 1509,584 1508,593 1502,604 1486,613 1460,620 1444,629 1440,634"/>
                <Baseline points="1438,663 1948,663"/>
                <TextEquiv>
                    <Unicode>Adi dem annern tag Iulii hab Ich der Rom.</Unicode>
                </TextEquiv>
            </TextLine>
            <TextLine id="tl_1739538634" custom="readingOrder {index:3;}">
                <Coords points="1935,682 1931,679 1884,676 1841,677 1833,681 1822,682 1815,686 1797,688 1757,687 1747,684 1723,682 1707,685 1701,691 1693,694 1674,694 1664,689 1650,687 1623,687 1606,690 1580,690 1521,684 1486,684 1477,685 1471,688 1471,732 1475,736 1498,736 1548,729 1595,727 1636,732 1705,731 1716,732 1731,736 1751,737 1763,736 1768,734 1772,729 1787,726 1853,727 1891,731 1925,730 1934,728 1935,726"/>
                <Baseline points="1471,721 1935,721"/>
                <TextEquiv>
                    <Unicode>Kay. Mtl. Rat Vnnd Vitzthaus Vnder der</Unicode>
                </TextEquiv>
            </TextLine>
            <TextLine id="tl_1739538641" custom="readingOrder {index:4;}">
                <Coords points="1949,740 1945,737 1937,735 1930,729 1916,726 1832,728 1822,730 1816,733 1786,736 1766,740 1744,738 1717,728 1694,727 1664,733 1639,733 1592,728 1562,728 1551,730 1517,731 1500,733 1494,737 1494,790 1495,792 1500,793 1535,793 1572,791 1595,786 1604,786 1613,789 1634,792 1655,785 1656,781 1659,778 1673,775 1700,775 1746,784 1764,785 1782,781 1794,776 1846,775 1853,773 1869,773 1881,775 1888,779 1897,780 1905,783 1945,783 1949,781"/>
                <Baseline points="1494,774 1949,774"/>
                <TextEquiv>
                    <Unicode>Enns Sebratz steuer zuegestellt, In abschlag</Unicode>
                </TextEquiv>
            </TextLine>
            <TextLine id="tl_1739538637" custom="readingOrder {index:5;}">
                <Coords points="1475,798 1476,825 1507,839 1556,844 1651,843 1772,853 1851,853 1889,850 1975,859 2028,860 2181,852 2218,844 2221,841 2223,827 2223,797 2221,792 2192,787 2019,787 1865,777 1668,774 1619,778 1595,783 1504,785 1480,791"/>
                <Baseline points="1475,837 2223,837"/>
                <TextEquiv>
                    <Unicode>der Ierlichen fünfhundert Phund Phening f. 50 s. d</Unicode>
                </TextEquiv>
            </TextLine>
            <TextLine id="tl_1739538640" custom="readingOrder {index:6;}">
                <Coords points="1443,952 1445,969 1453,979 1455,991 1454,997 1457,1001 1457,1018 1459,1025 1464,1030 1474,1032 1535,1034 1596,1025 1621,1026 1640,1030 1665,1030 1712,1021 1747,1022 1767,1026 1796,1022 1844,1022 1891,1030 1952,1035 1960,1033 1964,1027 1963,972 1959,968 1917,959 1889,963 1831,963 1818,965 1813,971 1799,974 1788,980 1748,981 1724,976 1720,970 1704,966 1701,956 1686,953 1682,942 1668,939 1664,928 1640,918 1624,919 1612,923 1607,934 1593,938 1592,947 1587,953 1576,955 1570,961 1564,963 1519,963 1488,957 1474,950 1453,944 1446,946"/>
                <Baseline points="1443,1005 1964,1005"/>
                <TextEquiv>
                    <Unicode>Item den fünf Vnndzwaintzigisten tag october</Unicode>
                </TextEquiv>
            </TextLine>
            <TextLine id="tl_1739538639" custom="readingOrder {index:7;}">
                <Coords points="1500,1033 1500,1087 1503,1090 1517,1093 1749,1094 1767,1092 1825,1091 1848,1089 1932,1090 1935,1089 1939,1083 1939,1047 1936,1042 1912,1036 1904,1031 1887,1027 1867,1026 1846,1022 1812,1022 1791,1026 1770,1027 1727,1019 1693,1019 1663,1022 1650,1026 1629,1027 1592,1020 1567,1019 1513,1025 1504,1028"/>
                <Baseline points="1500,1073 1939,1073"/>
                <TextEquiv>
                    <Unicode>hab Ich weylund herrn doctor Iohani</Unicode>
                </TextEquiv>
            </TextLine>
            <TextLine id="tl_1739538633" custom="readingOrder {index:8;}">
                <Coords points="1768,1173 1762,1170 1741,1168 1715,1161 1711,1158 1707,1149 1698,1143 1689,1132 1674,1126 1600,1126 1594,1125 1581,1118 1556,1113 1549,1113 1533,1118 1516,1126 1513,1129 1512,1136 1509,1139 1499,1143 1498,1158 1494,1162 1486,1165 1484,1168 1483,1188 1478,1193 1473,1195 1468,1202 1467,1218 1464,1221 1454,1225 1453,1232 1450,1235 1439,1239 1435,1249 1426,1252 1419,1258 1409,1261 1389,1280 1381,1282 1374,1288 1366,1291 1359,1301 1347,1307 1347,1313 1353,1317 1375,1316 1383,1311 1389,1310 1416,1297 1430,1294 1441,1288 1447,1287 1454,1282 1462,1280 1473,1273 1479,1272 1485,1267 1493,1265 1518,1251 1529,1250 1550,1243 1583,1244 1593,1250 1611,1252 1618,1257 1628,1261 1637,1272 1656,1276 1668,1270 1681,1267 1716,1267 1733,1269 1746,1266 1752,1262 1756,1249 1768,1240"/>
                <Baseline points="1347,1266 1768,1266"/>
                <TextEquiv>
                    <Unicode>Latus per se.</Unicode>
                </TextEquiv>
            </TextLine>
        </TextRegion>
    </Page>
</PcGts>
