2304 1542
407 456 958 633 Summa der Ausgab nupf der Wein
546 600 819 635 gartten Überreitter
547 640 914 704 Ø 163 γ 3 s 14 d
1372 52 1998 405 Auf daß Pan
1650 384 1772 449 tading
1477 499 1938 585 Item nachdem altem loblichen brauch nach,
1518 562 1943 617 am Suntag den 30isten Iunii das Panta
1514 604 1952 657 dung Im Vndtern werdt, mit der gmain
1514 644 1924 700 gehalten Vnd alßdann die Laindtschafft
1512 685 1925 749 Im Rathaus Zu Abents ist allerlay
1512 729 1930 794 notturfften des berurten Pantading
1513 772 1953 830 Vnd Mall stat Innhalt hienoen Vnder
1518 820 1932 883 schiedlichen Particular auß Zug auß
1520 866 1927 931 geben worden, thuet In Suma Zu
1521 917 1939 997 samen 201 γ 2 s 15 d, Mer dem
