2273 1471
580 169 1000 248 aus obangehorten Vrsachen, damit nuer,
577 232 1005 283 niemanndts auf mich exemplificirn soll,
577 272 1016 326 Vnnd muge, So soll Ich von solichen Clain
580 312 997 369 em Enngen Platz alhie gegen Emphahung
573 354 991 418 der Gweern auch funf Phund Phening, für
577 401 1021 454 Emphanng, Souill aber die anndern neuen
575 445 988 503 Planckhen belanngt, mit den bin Ich an
579 492 1013 552 ainem ortt auf meinen grund Vnnd mit dem
579 537 1003 589 anndern ortt nach außweissung der
580 579 1020 644 schnuer ain wenig heraus In das Winckhl
585 629 1225 722 maß gefaren, Idest f. 5. s. d
565 834 1021 917 Nota den Zuvermerkhen, das vor des Turggen
580 896 1019 973 belegerung des etc. 29. Iars, diser Garten
483 981 834 1232 Latus per se.
1501 177 2054 259 die Zeit er Zum burger Spitall In die 20 schrit
1501 236 1920 293 oder darumben Praitt hinüber den Graben
1495 281 1917 333 daselbs ganngen, vnnd wie noch burger
1499 321 1926 386 verhannden, denen es beweist sonnderlich
1493 364 1910 427 Lienharden Alrauner, vnnd haymeran
1492 411 1944 476 Frey alten Spitlmaister Vnnd anndern maht
1496 457 1941 512 Vngeferlich von meiner yetzigen Planckh
1489 500 1903 565 hinaus In die Sechzig daumb Ellen,
1457 542 1929 610 Darzue hab Ich auf meinen aigen vncosten
1486 593 1897 651 daselbs ainen geraumen fart weeg
1488 635 1910 697 machen lassen, das zween Wagen mugen
1488 684 1913 742 gegeneimannder faren, gesteet mich In
1484 728 1925 790 die 24 γ d das Pillichen die vorgeschriben
1483 775 1897 832 Erweitterung Vber meinen ansehlichen
1486 821 1913 883 außgegeben Vncosten, dagegen abtzogen,
1486 866 1912 930 solt werden, Ich wils dach meinen gene
1480 914 1929 989 digen Ern auf ferner bedenckhung haimbgstelt,
