2332 1536
1399 56 1997 368 Aus Teyung
1602 332 1896 401 des Fleischs
1473 512 1956 594 Item nachdem Vertigs etc Sechtzigist Iar, ver
1496 578 1955 638 stannden das auf der Rom. Kay. Mtl. Vnsers
1489 621 1925 682 aller genedigisten herrn beuelch, meine
1481 665 1924 725 herrn Burgermaister Vnnd Rath, damit
1489 710 1910 768 nuer an fleisch nicht mengel, ain antzalen
1486 752 1919 810 ofen einkhaufft, Vnnd Über Wintter mit
1481 799 1915 871 schweren Vnkhosten gefuettert haben,
1457 853 1917 915 Deweill aber gedachte, meine herrn das
1487 901 1912 982 gellt auf schweres Interesse, namblich
