2320 1527
502 479 1001 616 Summa emphang der Ambtleut Rait
548 592 1005 661 tuns Rest
583 620 934 694 Ø 380 γ s. d.
1313 28 1975 389 Vmb Verkh
1519 354 1930 423 auffte Heüser Anno etc 61 x
1455 504 1928 581 Item den Sechsten tag Martii erlegt herr
1489 571 1939 631 Virlenz Muschinger des aussern Rats alhie
1482 613 1912 673 für zway halbe tach Weingarten zw
1478 658 1925 723 Ennzerstorf gelgen Die hasenwaser ge-
1476 707 1959 767 nanndt so Ime meine herrn Burgermaister
1474 749 1925 812 kheuflichen nach schazung bewilligt ge-
1474 797 1914 856 gen Richtigmachung der Grern Ins
1472 844 1936 907 herrn N Pögles Grundbuech die Kauf
1442 891 1948 963 Suma 210 γ d Mer souill Ich auf den Ra
1476 946 2179 1064 busch außgaben 16 γ d Thuet zusamen f. 226. s. d.
1299 1062 1808 1253 Latus per se.
