2303 1550
387 511 905 658 Summa Emphangt aus dem
528 649 744 694 Trögler Ambt
509 666 882 751 Ø 293 γ. 2. s. 17 d.
1233 43 1941 336 Vom Burg
1463 317 1912 391 er Recht Eingenomen diß Iar
1420 464 1913 564 Item in disem fünfzehenhundert AinVnnd
1472 539 1928 608 Sechzigist Iar seindt die hernach geschriben
1475 593 1928 665 Personen zu Bürger angenomen worden,
1472 644 1916 714 Namblichen
1430 809 1925 876 Magister Iohannes Newman hat den Aindt
1476 864 1939 932 listen tag Ianuarii für das Burgerecht
1479 923 2135 1022 bezalt nach gebrauch f 2 s d
1329 1069 1852 1378 Latus per se
