2305 1532
1286 32 1988 433 Vom Prant
1603 385 1845 443 weiner Recht ./.
1450 548 1930 632 Item den fünfvnndtzwaintzigisten tag Aprilis
1472 618 1924 668 zallt Qurein Stieg Ladner auf der Lagnus
1478 657 1948 711 grueben für das Ime neben anndern prant
1472 698 2184 807 weinern faill Zehaben verwilligt f. 2. s. d
1437 774 1910 836 Item des Vrn Georgen Aischiger Mauers
1460 824 1922 878 hausfren Elisabeth ist von meinen ge. herrn
1471 861 1922 920 B. Vnnd Ratt ain Pranndwein stannd bewilligt
1467 901 1928 958 worden Innhalt Ratschlags des daten
1463 945 1937 1000 den 21. Aprilis diß 61. Iar weillaben
1468 986 1927 1042 sii selbs hernach denselben widerumben
1472 1027 1881 1111 abthundt hab Ich nichts Emphanngen
1303 1092 1690 1325 Latus per se.
