2325 1539
567 191 1013 262 Gleichsfalß hat mir der Currennt so auf
588 249 1021 303 einbringung der von Thierna stifft Perg
585 289 1012 345 recht vnnd Grundiennst dises etc Ainß Vnd
580 332 1004 393 Sechtzigisten Iars aingebracht über ant
588 378 1009 434 wort vermug aines ordenlichen Libels
586 426 1008 497 darein die in khumen Specifice verleibt
592 484 1240 567 seindt f. 62 s 1 d 12 ½
581 637 1025 720 Leopold Paungartner hat mir von hun
592 708 1020 769 dert floren hungerisch goldt gulden auf
593 752 1020 820 außtaillung des opfer gelts Vom Zinß
587 802 1020 870 den funfVnnd zwaintzigisten tag De
586 850 1009 912 cembris erlegt funf Vnger. gulden In
573 902 1220 979 Geldt zu 108 erl. f. 9. s. d
508 993 1044 1234 Latus 71 f. 1 s. 12 ½ d
1411 184 1904 272 Mer hab Ich In disem etc AinVnnd Sechs
1467 260 1899 314 zigisten Iar von Burgerlichen Grundten
1465 296 1918 354 In der Lanndtstras vor Stubenthor ligendt
1470 338 1910 400 ausstennden Grundienst emPhanngen
1466 385 2166 497 gebracht Vt Particular Zettl f. 13. s. d 12
1393 552 1878 644 Hanns Dher Fleischackher soll aus der
1450 620 1893 675 von Eßlarn Stifft Fleisch Panckh am Liech
1458 658 1877 725 tensteg den Zinß dises Iars so alhie
1462 708 2120 814 für Emphanng f. 10. s. d
1381 867 1859 958 Herr Paulus Pernfues ist schuldig von
1451 936 1858 1006 den 500 γ d auf seinem Haus am
1338 1049 1870 1216 Latus 23. f. s 12 d
