2297 1511
546 152 1000 244 auf seinem haus an IudenPlatz verschriben
532 228 961 287 Zu Diettrich am Steg Stifft gehorig
534 274 1196 359 den Zinß dises Iars vefallen f. 5. s. d
509 369 995 447 Item herr doctor Wolfganng Püd
534 436 973 498 ler hat fur seiner Haußfrauen
527 482 986 540 Margareta zwen Weingartten
522 524 996 593 zu Enzestorff zu der N Sieffeys
533 572 995 636 Stifft gehorig den Zinß Micha
543 619 990 679 elis verfallen bezallt gebracht
556 668 1153 736 f. 4 s d.
517 775 993 848 Frau Martha Khrollin hat Von
520 834 997 898 Bstannd Kheller im Waghauß
535 878 1160 964 den Zinß bezallt thuet f. 5. s. d
422 1003 926 1214 Latus 14 γ s. d
1472 176 1937 254 Weyllund herrn Cristoff Hayden
1499 238 1922 299 seeligen gelassne Wittib ist von
1495 279 1943 343 Irem Weingarten zu S. Veyt den
1491 327 1943 392 Zinnß dises etc Ainvnndsechtzigisten
1489 369 1930 434 Iars schulldig so alhie für Em
1493 422 2166 501 Phanng ꞩ f. 9 s. d.
1457 507 1940 611 Benedict hüffl Khurschner sol
1472 596 1920 665 di funf Phund Phening Zinß
1477 645 1923 716 Vor den 100 γ d. den leuitten
1481 693 1918 768 verschriben dauon Er schulldig
1467 747 2172 829 den Zins diß 61. Iars ꞩ f. 5 s. d.
1444 843 1951 925 Stephan Widmer Obsler zallt den halben
1455 900 1931 979 Iar Zinß von 110 γ d. Zu hainrichen
1468 1028 1865 1200 Latus 14 γ s. d.
