2296 1570
1303 60 1898 394 Auf die Can
1568 380 1670 442 torey
1273 470 1876 597 Adi den zwelffen tag February hab Ich
1431 570 1860 632 dem Michel Petauer Altisten In der
1431 617 1865 673 Cantorey umb das er ain new Me-
1429 660 1890 724 dian gesanng Puech, mit lautter gulten
1434 707 1856 766 messen notirt, auf Raittung gelichen
1431 755 2139 844 Acht taller laut quittung f. 9 s 2 d 20
1377 886 1863 999 Item den 10 Tag May hab Ich denen
1430 972 1885 1038 Khnaben In der Stat Cantorey khaufft,
1435 1017 1865 1094 nach Ierlichen gebrauch Zu Summer.
1225 1104 1637 1359 Latus per se
