2282 1493
499 198 948 263 Mer zalt die fraw Fuxpergerin von zway
545 254 936 300 hundert zwaintzig Phundt Phening Purg
544 287 925 332 recht auf Irem hauß In der Peckhenstras
539 327 931 376 verschriben den Zinß Georgii verfallen
543 364 1099 435 thuet Vt Quittung f. 13. s. d
493 501 931 599 Idem Zalt hanns Krieger am Saltzgries
541 586 934 630 von hundert Phund Phening zu Angnes
541 619 918 666 veldtkhicherin Stifft gehorig den
538 658 1120 741 Zinß Georgii verlessen f. 5. s. d
488 757 907 870 Ioachim Hertzog Burger alhir Zalt
531 857 911 908 auch Vom 100 γ d zu hainrich am Steg
525 897 1133 985 Stifft gehorig den Zinß Georgii f. 5. s. d
482 1004 915 1200 Latus 23. f. s. d
1458 182 1839 263 Mer zalt dito fraw Angnes Heldin
1481 254 1855 305 von 200 γ d Purgkhrecht zu weylend
1480 290 1875 343 fraw Tutferig Stifft zu auß heyerat
1474 335 1859 386 tung ainer Iunckhfrawen gehorig ge
1479 372 2091 463 bracht 10 γ d. Georgii verfallen f. 10. s. d
1443 529 1851 605 Veit Puechfinckh schneider zalt den .11. tag
1464 596 1859 642 Iulii von 100 γ d zu weylend frauen
1471 636 1871 685 Margreta Pallingerin Stifft den Zinß Ge
1473 675 2097 758 orgii verfallen vt quittung f. 4. s. d
1446 758 1861 907 Georg Pürgkhl burger alhie erlegt auch
1464 894 1863 945 dito von 100 f zu Wolfgen Gwarlich Stifft
1456 933 2108 1036 gehorig den Zinß Georgii f. 5. s. 4. d
1458 1018 1843 1224 Latus 19. f. 4 s. d
