2417 1578
521 193 1061 274 Den zwelfften tag Septembris hat Sigmund
588 258 1054 315 Macher, Ins ambt erlegt 5 γ d Vmb we
586 298 1052 366 gen aines oeden Grundts In der Roßau
589 346 1044 416 gelegen, darumben er die Gwer em
587 408 1272 486 Phanngen f. 5. s. d
559 545 1051 646 Michel heller Greißler zalt den dreyt
583 637 1062 696 Zehenden Nouembris von seinem Garten
583 681 1047 749 vnnd aufgegeben fleckh In dem obern
581 733 1038 799 werdt nebens wolfen hartman alten
568 784 1029 850 Remanenntzers Garten gelegen,
576 842 1281 942 Innhalt Gwern f. 5. s. d
555 1108 990 1300 Latus 10 f. s. d
1511 63 2049 275 Khen auf den
1555 190 2061 277 Peter Phabenschwanntz Burger vnnd oeller
1571 264 2041 331 alhie zalt Vom seinem aufgegeben grund
1570 312 2033 380 In der Roßaw die geburnus gegen Em
1576 363 2316 469 Phanng der Gwern f. 5 s. d
1518 530 2048 615 Herr Ioseph Veterl, des aussern Rats, auch
1575 598 2063 659 ainen oden fleckh In der Raßaw aufge
1575 646 2041 704 nomen, vnnd zalt dauon den AchtVnnd
1569 693 2062 754 zwaintzigsten Decembris diß 61 Iars
1574 739 2314 823 gegen Emphachung der Gwern f. 5. s. d
1513 903 2074 1007 Item den Letsten Decembris hat wolf hart
1566 984 2053 1048 man, für seinen aden aufgenomen grundt
1563 1033 2341 1126 Im obern wert neben meinen garten f. 5. s. d
1305 1115 2028 1346 Latus 15 f. s. d
