2295 1540
369 525 841 669 Suma Ausgaben Auf di
500 657 689 696 Kriegstspill.
516 690 817 752 Ø 4 γ s. d.
1304 107 1909 384 Auferkhauf
1442 368 1840 439 te gueter vnnd Gründt
1363 507 1862 623 Item den 10 tag Martii hat Wolfganng
1433 600 1873 663 Ratges Pranndtweiner, erlegt, für ain
1431 640 1871 711 oeden fleckh. In der Raterluckhen bey
1445 695 1854 757 dem Allten Ziegenstadl gelegen, so
1441 740 1883 809 Zuuor auch ain behausts guet gewesen,
1448 794 1888 861 Vnnd herrn Hannsen Schadner verckhaufft
1446 845 1862 911 aber darfür Ime ain annderer grund
1444 898 2106 983 gegeben worden f. s d
1238 1084 1685 1349 Latus per se.
