2350 1547
551 173 1016 263 Bonifatzi Wolmuet Stainmetz vom hundert
586 248 1000 310 Phund Phening auf seinem haus am Kien
589 292 1212 372 marckht verschriben den Zinß schuldig f. 5. s. d
555 456 992 543 Veit Raidl hat aus seinem haus beim Ro
585 534 988 584 thenthurn 70 γ d dauon der Zinß
592 570 1002 622 3 γ 4 s d welichen er Zu Mertt Rei
588 612 996 672 degkherin Stifft der Cantorey Incor
587 662 1238 729 Porirt verfallen f. 3. s. 4. d
571 751 996 882 Item das Bisthumb Wienn ist Iarlichen
607 861 1007 928 von etlichen Cramladen der Cantorey
435 1024 1012 1237 Latus 8 f. 4 s. d
1486 155 1941 229 schuldig zu figurierung des Taglichen Sal
1488 222 2193 330 ve Regina Zubezallen so alhie für Einnemen f. 32. s. d.
1414 376 1918 453 Hanns Reitter Registrator bey der Nider
1476 443 1910 505 osterreichischen Canntzley hat auf seinem
1475 485 1920 545 haus vnndtern Tuechlauben 100 f hungerisch
1473 531 2176 635 gelt gulden dauon ierlichen Zu Zinß f. 7. s. d
1415 675 1908 761 Hanns Iordan am IudenPlatz ist auch dises
1460 747 1904 812 AinVnnd Sechtzigist Iar von den 300 γ d
1462 794 1914 859 auf seinem Haus Gmainerstat verschriben
1452 844 2153 956 So alhie für Einemen gestelt f. 15 s. d
1315 1080 1866 1234 Latus 54 f. s. d
