2516 1750
1442 51 2133 445 Durch gott
1616 416 2087 487 es willen aufgeben diß Iar
1570 557 2104 701 Item den fünfzehenden tag Ianuarii hab
1615 673 2084 746 Ich auf des herrn Vitzthambs furbitt
1618 727 2111 798 Vnnd meiner genedigen herrn Ratschlag
1614 776 2106 850 des datum den fünfzehenden Ianuarii
1606 826 2089 904 dises etc 61 Iars, dem Calimuster für
1606 885 2115 959 den Armen Peter Holtzaphel ainem ar
1608 942 2104 1019 men Plintten Man Zuhilf das Artzt
1607 1004 2428 1102 lon betzalt f. 2. s 2. d 20.
1398 1216 1870 1492 Latus per se.
