2290 1489
485 152 942 228 Hanns obernpergerin hat von Irem Halben
517 216 931 259 Ioch Weingarten In den Mitternhardten
519 251 957 305 das Pergkhrecht dises 60isten Iars bezallt
524 295 961 347 ain Vr darfür In gellt 1 γ. 2 s. d. Vnnd Veit
526 333 1154 406 gelt 3. d den fünffen octobris f. 1. s 2 d 3.
494 483 959 561 Item so hab Ich den Sybendten octobris aus
527 546 973 599 dem Benificiaten haus bey heilligen Creützer
531 587 954 637 hof Zu Iacoben Starchen Stifft gehorig
526 627 952 684 den Zinß Michalis von den Inleütten laut
524 673 1179 755 Zetl EmPhanngen f. 11 s 5. d 10
474 781 961 896 Adi den Zehennden tag octobris bezalt die
535 879 961 935 fraw Katharina Hannß Morbin von
547 1027 965 1194 Latus 12. f. 7. s. 13 d
1444 178 1881 251 Iren Weingartten In den Rusten gelegen
1453 243 1866 291 für Pergkhrecht 4 γ 3 s 11 d Veitgellt hat
1446 280 2132 373 Zusamen bracht Wie obsteet f. 4. s 3. d 11.
1439 404 1885 502 Mer hat hanns Schelhart Cramer dito
1437 494 1887 544 von den 100 γ d Purckhrecht den Leutten Zu
1434 530 1882 582 S. Steffan zuegehorig auf Iohannis Bab
1447 572 2100 669 listae verfallen den Zinß f. 5. s. d
1401 698 1857 799 Den SechsVnndtzwaintzigsten Septembris
1434 790 1878 843 hat Mathes SchonPrunner schneider den
1432 832 1857 889 Zinß von 100 γ d Purgrecht zu Angnes
1432 873 1856 935 Veldt khircherin stifft gehorig Georgii
1438 918 2122 1017 verfallen f. 5. s. d
1457 1009 1856 1209 Laus 14 f 3 s. 11. d
