2284 1515
424 182 905 259 Mer dito Alexannder Parengl der Ro. Kay.
449 246 893 310 Mtl. Leib Trobannt zalt für das burger
452 296 1124 387 recht zway Pfund Phening Idest f. 2. s. d
410 441 899 522 Adi den zwelf Septembris ist dem Marcus
448 502 904 562 Ruttner das burgerrecht bewilligt vnd
453 546 1119 636 zallt darfür f. 1 s 4 d
422 663 898 759 Item den dreytzehenden Septembris er
465 741 885 801 legt Peter Menhart nach brauch für das
463 792 1116 888 burgerrecht f. 2 s. d
257 1030 895 1319 Latus 5 f. 4 s. d
1464 174 1933 251 Dergleichen hat wolf Eehniger Kreüttler
1499 240 2173 331 dito erlegt dAs Burgerecht f. 2 s. d
1469 390 1953 469 Den Sechtzehennden tag Septembris ist Georg
1496 455 1932 513 Schwab leyttgeb zu ainem burger angeno
1506 501 2159 594 men vnnd hat dauon betzallt f. 2. s. d.
1444 638 1929 735 Mer dito Emphanngen von hannsen Rimmer
1497 722 1924 781 vnnd Steffan oßwalden den Peckhen von
1496 768 2159 849 Yedem ain Pfund Phening ꞩ f. 3 s 4 d
1454 889 1945 994 Den dreytzenhenden Septembris zuvor
1496 978 2167 1060 erlegt Sebastian Genstetter furs Burgerrecht f. 2 s. d.
1370 1073 1923 1281 Latus 9 f. 4 s. d
