2339 1529
558 194 1016 271 Den zwen Vnndtzwaintzigisten Nouembris
591 256 1013 306 zalt herr Hanns Maystetter burger
593 294 1009 350 alhie von funf Viertl Weingarten zu
587 336 1004 393 Perchdoltstorf so Zuuor herr Leopoldt
595 383 1010 439 offner sein Schwecher seliger gehabt
594 428 1013 490 den Zinß dises AinVnnd Sechtzigisten Iars
599 479 1223 550 Michaelis verfallen thuet f. 5. s. d.
584 631 1015 746 Hanns Dittrich fleischakher alhie
601 734 1030 790 zalt von den Achtzig Phund Phening auf
613 776 1024 833 seinem hauß bey Creützer hof zu Anndre
603 814 1021 875 FreinPergerin Stifft gehorig den Zinß
600 860 1027 925 dises Ainß Vnnd Sechtzigisten Iars Ver
603 913 1225 989 fallen gebracht f. 4. s. d
515 1010 1018 1210 Latus 9 f. s. d
1437 183 1883 272 Mer Zalt dito Sigmund Riederer Rats
1470 263 1895 316 dienner den Zinß von zwayen viertl weingarten
1466 303 1890 355 Im Zallersperg zu Hanns Aman Ferberin
1459 344 1900 398 Stifft Vnnd Von ainem Viertl Im ClagPaumb
1460 383 1906 452 Zu hainrich Purgkharts Perger Stifft ge
1468 437 2125 526 horig den Zinß thuet f. 3. s. d
1435 593 1886 685 Niclas ortner Mautner bey der Schlach
1454 671 1879 734 Prugg zalt von 100 γ d auf seinem haus
1453 712 1861 789 In S. Iohans Gassen verschriben den
1459 767 2131 854 Zinß f. 5. s. d
1290 976 1846 1226 Latus 8 f. s. d
