2234 1501
452 211 873 292 Claidung von Maister Pangratzer Puch
459 284 870 331 ler 15 Par hosen fell, das Par Per
457 330 1092 406 6 s. d. thuet laut quittung f 11 s 2 d.
416 475 911 568 Mer dito Zalt Ich herrn Frantzen Lackh
456 557 878 609 ner des Innderen Rats vmb Parhat
460 595 898 657 vnnd zwillich verung auß zugs den
454 645 1110 725 Khnaben zu Wamesern f 7 s 6. d.
419 780 872 863 Davan dem Maister Thaman Schmid
465 843 881 905 schneider, von den Knaben hosen vnd
463 891 896 962 wames zemachen zallt Ich Innhalt
458 941 1128 1022 auß zugs quittung. f 6 s. d. 20.
273 1029 888 1290 Latus 25 f s 20 d
1361 173 1837 273 Mer Zallt Ich dem Maister Ioseph Staschen
1391 262 1810 323 Schuester von 15 Parschuechen, den
1398 306 1830 372 Knaben In der Cantorey laut einem
1404 351 1816 423 Vbergeben quittung macht, seint
1402 396 2110 486 gestannden f. 2. s. 6. d.
1374 526 1859 629 Item in dem Iarmarckht zu den Phingsten
1404 613 1830 676 hab ich den Knaben In der Cantorey
1404 658 1826 723 kaufft annderhalb duzet Paretl von
1404 706 1864 768 ainem außlendischen Nurmbergerisch.
1401 756 2078 842 Craemer das Tuzet Per 4 schft f. 6. s. d.
1363 891 1855 993 Den 27 Iulii bezalt Ich Lucasen Plaßman,
1404 977 1823 1052 Cantor zu S. Steffan, Vmb wegen
1198 1059 1793 1255 Latus .8. f. 6. s. d.
