<?xml version="1.0" encoding="UTF-8" standalone="yes"?>
<PcGts xmlns="http://schema.primaresearch.org/PAGE/gts/pagecontent/2013-07-15">
    <Metadata>
        <Creator>Transkribus</Creator>
        <Created>2025-02-14T13:52:01.890+01:00</Created>
        <LastChange>2026-01-19T12:34:05.201+01:00</LastChange>
        <TranskribusMetadata docId="6916235" pageId="91557913" pageNr="76" status="GT" userId="261754" imgUrl="https://files.transkribus.eu/Get?fileType=view&amp;id=EBINRPCRIYEOANQNMOYEINGV" imageId="76391495"/>
    </Metadata>
    <Page imageFilename="WSTLA-OKA-B1-1-094-1_00076.jpg" imageWidth="2280" imageHeight="1507">
        <TextRegion id="region_122801507" custom="readingOrder {index:0;} structure {type:page_1;}">
            <Coords points="0,0 1140,0 1140,1507 0,1507"/>
            <TextLine id="tl_1739538865" custom="readingOrder {index:0;}">
                <Coords points="550,197 549,243 550,246 571,249 612,249 625,247 648,247 665,250 672,253 691,254 708,250 753,247 762,245 782,245 803,248 832,248 833,249 917,247 940,250 960,249 964,246 964,225 962,221 944,216 929,216 908,212 902,206 891,203 890,199 887,196 877,194 873,188 857,184 837,184 826,187 816,187 789,183 774,178 754,177 745,178 736,182 729,183 724,186 714,187 693,195 684,196 679,200 671,201 665,204 649,206 629,203 617,198 611,198 602,195 575,191 556,192"/>
                <Baseline points="549,234 964,234"/>
                <TextEquiv>
                    <Unicode>Mer zalt Augustin Grapler Leinwatter</Unicode>
                </TextEquiv>
            </TextLine>
            <TextLine id="tl_1739538845" custom="readingOrder {index:1;}">
                <Coords points="933,250 930,247 878,246 877,247 858,247 848,249 839,249 822,253 804,253 800,252 795,247 790,247 779,244 731,245 730,246 723,246 714,250 706,251 700,257 696,257 690,260 682,261 665,258 662,255 652,254 647,252 614,252 597,249 577,249 576,248 575,249 557,249 556,251 556,284 558,287 563,288 564,287 581,286 588,284 614,283 615,282 655,282 656,283 693,283 698,284 720,280 740,279 780,285 787,289 796,290 804,293 827,293 843,289 849,289 854,287 869,285 926,288 931,287 933,284 932,280"/>
                <Baseline points="556,280 933,280"/>
                <TextEquiv>
                    <Unicode>den Zinß Von hundert Zehen Pfundt Phe</Unicode>
                </TextEquiv>
            </TextLine>
            <TextLine id="tl_1739538846" custom="readingOrder {index:2;}">
                <Coords points="551,296 551,318 552,320 561,322 579,322 580,323 628,322 629,323 667,325 668,326 708,326 735,320 749,320 769,325 791,326 799,324 806,324 817,321 834,321 847,323 871,323 897,319 924,319 932,316 932,290 931,289 916,286 892,285 891,284 856,285 851,287 849,290 841,291 832,294 810,296 809,297 774,296 770,295 764,291 757,290 752,286 744,285 737,282 726,282 725,281 703,284 698,286 653,285 652,286 619,286 618,287 581,289 580,290 556,290 552,293"/>
                <Baseline points="551,314 932,314"/>
                <TextEquiv>
                    <Unicode>ning Purgkhrecht denen herrn leutten</Unicode>
                </TextEquiv>
            </TextLine>
            <TextLine id="tl_1739538861" custom="readingOrder {index:3;}">
                <Coords points="955,327 944,324 941,319 921,316 900,317 892,320 887,320 879,324 858,325 838,323 816,323 800,325 791,328 769,325 766,321 751,318 731,318 725,319 718,323 702,326 682,323 582,324 571,322 554,322 549,324 549,361 553,363 568,363 569,364 572,363 623,363 646,366 680,366 739,357 754,357 785,361 806,361 841,355 865,355 873,358 882,359 886,362 895,363 902,366 921,366 955,360"/>
                <Baseline points="549,352 955,352"/>
                <TextEquiv>
                    <Unicode>Zu S. Steffan gehorig den Zinß Phing</Unicode>
                </TextEquiv>
            </TextLine>
            <TextLine id="tl_1739538857" custom="readingOrder {index:4;}">
                <Coords points="555,366 555,419 560,425 576,428 657,430 695,425 748,424 798,427 875,427 905,430 973,430 1023,433 1153,432 1153,368 1150,365 1031,361 1019,359 954,359 907,356 796,355 728,356 658,361 569,362"/>
                <Baseline points="555,412 1153,412"/>
                <TextEquiv>
                    <Unicode>sten verfallen Innhalt Quittung f. 5. s 4. d</Unicode>
                </TextEquiv>
            </TextLine>
            <TextLine id="tl_1739538869" custom="readingOrder {index:5;}">
                <Coords points="938,530 934,525 926,523 920,517 910,514 904,508 893,501 889,496 888,490 884,487 865,486 856,487 847,494 843,508 832,514 826,522 816,524 813,526 813,529 811,531 800,533 792,537 773,538 758,541 740,541 729,544 721,544 702,541 649,540 640,537 630,536 605,528 525,529 505,531 499,535 499,599 501,603 505,604 529,604 541,602 549,596 564,592 601,591 641,593 661,591 674,587 698,583 737,583 756,586 775,586 789,584 838,585 876,582 911,582 931,584 936,582 938,578"/>
                <Baseline points="499,573 938,573"/>
                <TextEquiv>
                    <Unicode>Hanns Parfues alhie Zalt den Dreyt</Unicode>
                </TextEquiv>
            </TextLine>
            <TextLine id="tl_1739538855" custom="readingOrder {index:6;}">
                <Coords points="949,629 949,598 945,595 939,594 932,590 914,587 897,587 870,591 869,590 853,590 827,584 809,582 780,585 769,589 752,591 751,590 738,590 714,584 695,584 686,587 676,588 670,592 654,594 636,593 611,587 587,585 560,585 548,586 545,588 545,604 546,608 551,614 551,616 548,617 547,619 561,629 587,629 619,623 681,624 702,626 722,630 745,630 774,623 786,623 793,627 802,628 807,631 834,631 846,629 850,626 864,624 886,625 909,631 947,631"/>
                <Baseline points="545,618 949,618"/>
                <TextEquiv>
                    <Unicode>Zehenden tag Iulii seinen Zinß von leibge</Unicode>
                </TextEquiv>
            </TextLine>
            <TextLine id="tl_1739538852" custom="readingOrder {index:7;}">
                <Coords points="552,637 553,658 569,663 575,663 580,666 588,668 618,668 624,666 629,666 633,663 640,662 656,663 661,666 666,667 686,667 710,663 726,663 745,666 761,666 793,660 814,660 815,659 845,659 846,660 871,661 884,663 926,663 927,662 936,662 939,661 940,659 940,637 938,635 924,632 918,632 908,628 903,628 897,625 881,622 860,623 852,627 847,627 838,632 818,632 814,629 804,627 798,622 792,622 786,620 761,620 747,623 720,623 719,622 697,621 696,620 626,621 625,622 606,622 605,623 559,626 553,630"/>
                <Baseline points="552,656 940,656"/>
                <TextEquiv>
                    <Unicode>ding ganntz In der Lanndtstras zu denen</Unicode>
                </TextEquiv>
            </TextLine>
            <TextLine id="tl_1739538847" custom="readingOrder {index:8;}">
                <Coords points="553,668 553,700 556,706 595,711 622,717 695,717 763,723 843,724 895,730 930,730 955,733 1051,736 1099,740 1125,745 1141,745 1145,741 1145,678 1134,675 1067,673 1050,670 982,667 969,664 935,661 899,660 563,661 556,663"/>
                <Baseline points="553,723 1145,723"/>
                <TextEquiv>
                    <Unicode>Nicolaischen guettern gehorigt Vt quittung. f. 5. s. d</Unicode>
                </TextEquiv>
            </TextLine>
            <TextLine id="tl_1739538849" custom="readingOrder {index:9;}">
                <Coords points="512,792 512,882 514,885 519,887 539,886 561,882 598,882 637,885 700,885 770,879 810,882 818,885 842,888 861,888 875,886 929,887 934,883 934,857 932,853 923,850 916,843 908,841 900,835 867,826 833,830 827,833 818,834 807,838 775,837 766,834 753,833 743,830 725,829 715,826 683,827 655,834 637,833 629,827 619,825 616,819 606,816 600,808 588,805 585,797 575,795 568,791 553,788 517,788 514,789"/>
                <Baseline points="512,863 934,863"/>
                <TextEquiv>
                    <Unicode>Mer erlegt dito Iacob Seidel Tischler von</Unicode>
                </TextEquiv>
            </TextLine>
            <TextLine id="tl_1739538860" custom="readingOrder {index:10;}">
                <Coords points="547,884 547,926 548,928 551,929 566,929 575,927 628,928 634,926 640,926 650,922 657,922 664,919 682,917 710,917 711,918 755,920 761,924 771,926 778,931 800,930 804,925 812,924 823,920 879,921 885,922 891,926 897,926 905,930 916,931 920,933 940,933 944,930 944,889 941,887 929,885 878,883 860,885 854,888 835,891 827,889 820,889 811,885 789,881 734,881 709,884 692,884 661,881 597,882 596,883 556,882"/>
                <Baseline points="547,920 944,920"/>
                <TextEquiv>
                    <Unicode>zway hundert Phund Phening hauptgelt</Unicode>
                </TextEquiv>
            </TextLine>
            <TextLine id="tl_1739538843" custom="readingOrder {index:11;}">
                <Coords points="551,931 552,938 550,941 550,984 552,985 624,985 663,980 675,980 689,978 726,978 735,976 751,976 752,975 824,983 890,983 911,981 941,981 946,977 945,933 943,931 928,927 908,925 894,922 882,922 870,920 854,922 825,922 788,929 781,929 771,923 766,923 757,920 744,920 732,922 680,921 679,922 661,922 645,925 585,922 564,925"/>
                <Baseline points="550,968 946,968"/>
                <TextEquiv>
                    <Unicode>auf seinem haus In der Bürgerstras</Unicode>
                </TextEquiv>
            </TextLine>
            <TextLine id="tl_1739538856" custom="readingOrder {index:12;}">
                <Coords points="553,1082 552,1166 554,1171 557,1173 571,1175 601,1175 612,1180 621,1181 655,1181 681,1188 707,1189 715,1193 725,1195 771,1195 790,1197 799,1200 814,1200 835,1195 866,1194 880,1196 893,1201 929,1201 933,1199 933,1129 929,1123 919,1120 915,1117 907,1115 883,1115 874,1119 862,1121 812,1121 804,1122 793,1127 759,1128 741,1127 719,1122 698,1120 690,1116 683,1109 678,1107 674,1102 673,1023 657,1013 628,1012 618,1014 598,1022 590,1031 579,1036 579,1042 576,1045 566,1049 564,1069"/>
                <Baseline points="552,1153 933,1153"/>
                <TextEquiv>
                    <Unicode>Latus 10. f. 4. s. d</Unicode>
                </TextEquiv>
            </TextLine>
        </TextRegion>
        <TextRegion id="region_222801507" custom="readingOrder {index:1;} structure {type:page_2;}">
            <Coords points="1140,0 2280,0 2280,1507 1140,1507"/>
            <TextLine id="tl_1739538867" custom="readingOrder {index:0;}">
                <Coords points="1492,189 1493,208 1496,218 1499,222 1497,229 1509,241 1538,246 1579,246 1593,244 1625,244 1648,241 1671,241 1694,246 1820,246 1838,243 1878,240 1882,237 1882,215 1877,212 1834,204 1803,203 1802,202 1776,200 1760,196 1754,193 1749,193 1738,190 1723,191 1712,195 1696,197 1691,196 1641,196 1640,197 1623,197 1622,198 1588,198 1543,190 1537,190 1529,187 1504,183 1496,183"/>
                <Baseline points="1492,228 1882,228"/>
                <TextEquiv>
                    <Unicode>Verschriben zu weylennd Dorothea</Unicode>
                </TextEquiv>
            </TextLine>
            <TextLine id="tl_1739538858" custom="readingOrder {index:1;}">
                <Coords points="1499,245 1499,283 1501,285 1512,287 1525,287 1526,288 1550,287 1588,279 1616,279 1644,284 1650,287 1659,289 1701,289 1709,285 1714,285 1718,282 1731,280 1751,281 1763,284 1794,285 1815,289 1876,289 1881,286 1881,245 1879,242 1875,241 1862,241 1861,240 1860,241 1845,241 1831,243 1825,247 1817,248 1810,251 1793,251 1792,252 1763,252 1739,247 1721,248 1714,251 1706,251 1693,248 1687,242 1673,240 1641,242 1631,246 1618,249 1587,251 1577,254 1557,254 1548,250 1531,247 1520,243 1503,243"/>
                <Baseline points="1499,276 1881,276"/>
                <TextEquiv>
                    <Unicode>Flußharttin Stifft gehorig den Zinß</Unicode>
                </TextEquiv>
            </TextLine>
            <TextLine id="tl_1739538842" custom="readingOrder {index:2;}">
                <Coords points="1499,292 1499,320 1505,322 1563,321 1595,326 1602,329 1615,329 1616,330 1638,327 1645,324 1669,321 1695,323 1720,328 1721,327 1738,327 1761,323 1776,323 1809,327 1828,331 1870,331 1884,329 1897,325 1897,293 1896,291 1892,289 1876,289 1858,292 1834,292 1833,293 1776,292 1770,290 1758,289 1752,285 1745,284 1736,280 1725,280 1714,282 1712,285 1708,287 1700,288 1694,292 1677,293 1666,290 1660,290 1652,286 1646,286 1640,283 1624,280 1588,280 1552,289 1530,289 1521,287 1504,287 1501,288"/>
                <Baseline points="1499,316 1897,316"/>
                <TextEquiv>
                    <Unicode>Georgii dises etc Ain Vnnd Sechtzigisten Iars</Unicode>
                </TextEquiv>
            </TextLine>
            <TextLine id="tl_1739538866" custom="readingOrder {index:3;}">
                <Coords points="1505,328 1506,382 1511,385 1554,390 1661,390 1697,393 1938,394 1960,396 2008,396 2066,402 2105,401 2105,333 2104,331 2095,329 1935,326 1715,326 1671,323 1513,324"/>
                <Baseline points="1505,380 2105,380"/>
                <TextEquiv>
                    <Unicode>versessesn gebracht Vt quittung f. 10. s. d</Unicode>
                </TextEquiv>
            </TextLine>
            <TextLine id="tl_1739538863" custom="readingOrder {index:4;}">
                <Coords points="1456,492 1456,550 1459,554 1462,555 1484,555 1489,553 1524,548 1544,548 1586,552 1730,552 1762,551 1774,549 1877,552 1886,551 1891,546 1891,483 1886,479 1880,478 1859,478 1816,486 1810,489 1802,490 1795,497 1787,499 1780,504 1763,508 1740,507 1730,504 1713,504 1690,499 1688,494 1677,492 1674,490 1673,482 1671,479 1660,477 1658,475 1657,468 1638,464 1632,464 1623,470 1614,471 1608,480 1596,483 1595,488 1583,492 1578,496 1545,504 1528,504 1505,499 1500,492 1490,488 1480,475 1468,476 1464,478 1459,483"/>
                <Baseline points="1456,530 1891,530"/>
                <TextEquiv>
                    <Unicode>Adi den SechsVnndtzwaintzigsten Iulii be</Unicode>
                </TextEquiv>
            </TextLine>
            <TextLine id="tl_1739538848" custom="readingOrder {index:5;}">
                <Coords points="1498,550 1498,582 1500,583 1513,583 1525,581 1566,581 1573,583 1581,583 1586,585 1607,586 1614,584 1633,582 1669,582 1693,585 1701,590 1710,591 1715,594 1737,593 1743,590 1748,590 1763,585 1791,586 1825,594 1840,594 1862,589 1891,587 1897,585 1897,560 1894,558 1877,554 1859,553 1858,554 1846,554 1833,557 1814,558 1807,556 1800,556 1795,552 1780,549 1760,549 1754,552 1744,553 1739,556 1732,557 1731,556 1719,556 1710,553 1703,553 1683,549 1633,549 1614,552 1611,554 1603,555 1596,558 1585,559 1584,558 1572,558 1565,553 1559,553 1552,549 1536,547 1506,547 1500,548"/>
                <Baseline points="1498,580 1897,580"/>
                <TextEquiv>
                    <Unicode>zalt herr Pauls Pernfues den verfalnen</Unicode>
                </TextEquiv>
            </TextLine>
            <TextLine id="tl_1739538868" custom="readingOrder {index:6;}">
                <Coords points="1493,589 1493,621 1494,623 1509,628 1515,628 1525,631 1540,633 1558,632 1566,628 1570,628 1582,624 1598,624 1612,628 1630,628 1656,622 1684,622 1707,626 1727,627 1741,630 1758,630 1778,624 1800,622 1808,624 1815,624 1822,628 1828,628 1833,633 1837,634 1877,634 1884,633 1888,629 1888,599 1887,593 1882,591 1864,591 1855,593 1831,594 1811,592 1783,585 1763,585 1752,587 1748,589 1743,595 1725,598 1702,589 1655,584 1625,584 1604,588 1588,588 1564,583 1515,583 1496,586"/>
                <Baseline points="1493,619 1888,619"/>
                <TextEquiv>
                    <Unicode>Purgkhrecht Zinß von 500 γ d auf sey</Unicode>
                </TextEquiv>
            </TextLine>
            <TextLine id="tl_1739538844" custom="readingOrder {index:7;}">
                <Coords points="1909,638 1908,636 1902,634 1889,632 1838,631 1815,623 1794,623 1786,629 1779,630 1775,635 1759,638 1736,636 1711,630 1683,630 1670,627 1660,627 1645,631 1640,635 1631,636 1619,635 1614,633 1609,628 1594,625 1587,625 1573,628 1566,633 1558,634 1549,638 1529,638 1518,633 1500,629 1495,632 1495,659 1498,661 1523,663 1620,661 1642,664 1685,663 1709,666 1728,663 1733,661 1748,661 1749,660 1783,666 1902,664 1907,663 1909,661"/>
                <Baseline points="1495,653 1909,653"/>
                <TextEquiv>
                    <Unicode>nem Haus am alten Roßmarckht verschriben</Unicode>
                </TextEquiv>
            </TextLine>
            <TextLine id="tl_1739538854" custom="readingOrder {index:8;}">
                <Coords points="1488,689 1490,700 1492,702 1496,702 1505,706 1521,707 1536,710 1594,711 1603,713 1620,713 1621,712 1636,712 1637,711 1665,709 1670,706 1689,701 1707,701 1721,703 1827,702 1851,706 1873,707 1876,705 1875,698 1876,696 1876,669 1873,667 1854,666 1853,665 1808,665 1798,667 1784,667 1763,662 1754,662 1753,661 1740,661 1727,664 1721,668 1703,671 1701,670 1684,670 1683,669 1645,670 1630,666 1622,662 1609,660 1589,660 1580,662 1557,663 1556,664 1507,663 1493,665 1491,667 1490,673 1498,675 1499,678 1493,680 1489,684"/>
                <Baseline points="1488,699 1876,699"/>
                <TextEquiv>
                    <Unicode>des Sechszigisten vnnd Ainvnnd Sech</Unicode>
                </TextEquiv>
            </TextLine>
            <TextLine id="tl_1739538853" custom="readingOrder {index:9;}">
                <Coords points="1274,711 1277,755 1294,765 1465,766 1525,758 1575,758 1608,753 1683,750 1727,743 1793,739 1878,747 1888,745 1890,741 1889,712 1887,710 1864,704 1842,702 1790,702 1749,705 1654,704 1608,709 1570,710 1503,706 1445,699 1371,699 1300,704 1279,707"/>
                <Baseline points="1274,747 1890,747"/>
                <TextEquiv>
                    <Unicode>zigisten Iars den zwen Vnnd zwainz</Unicode>
                </TextEquiv>
            </TextLine>
            <TextLine id="tl_1739538862" custom="readingOrder {index:10;}">
                <Coords points="1889,782 1889,750 1875,747 1849,747 1834,745 1815,746 1792,743 1758,742 1711,749 1503,751 1487,753 1449,754 1442,757 1443,763 1448,766 1475,768 1486,771 1490,775 1491,781 1493,783 1501,784 1506,787 1539,791 1563,790 1570,788 1605,784 1634,784 1657,788 1679,789 1694,787 1698,784 1712,783 1720,781 1780,783 1801,786 1886,785"/>
                <Baseline points="1442,778 1889,778"/>
                <TextEquiv>
                    <Unicode>igisten Martii verfallen Idest funf Vnd</Unicode>
                </TextEquiv>
            </TextLine>
            <TextLine id="tl_1739538864" custom="readingOrder {index:11;}">
                <Coords points="1869,790 1866,787 1838,785 1837,784 1817,784 1816,785 1805,785 1792,787 1772,787 1771,788 1730,785 1729,784 1711,784 1698,786 1603,785 1602,786 1582,787 1554,796 1545,796 1513,787 1500,787 1491,789 1489,792 1490,798 1489,831 1491,833 1495,834 1568,836 1584,834 1647,833 1648,832 1659,832 1668,829 1678,828 1682,826 1701,826 1704,827 1709,832 1717,833 1723,838 1739,842 1762,842 1763,841 1793,840 1794,839 1796,840 1816,840 1817,841 1854,841 1863,839 1863,837 1867,835 1869,830"/>
                <Baseline points="1489,826 1869,826"/>
                <TextEquiv>
                    <Unicode>zwainzig Phund thuet funfzig Phund</Unicode>
                </TextEquiv>
            </TextLine>
            <TextLine id="tl_1739538850" custom="readingOrder {index:12;}">
                <Coords points="1484,834 1484,888 1490,893 1537,898 1572,897 1587,891 1594,890 1599,886 1619,883 1633,883 1652,888 1665,889 1736,888 1766,891 1785,891 1791,893 1913,894 1930,888 1933,880 1933,873 1930,864 1922,861 1915,850 1904,848 1896,844 1888,843 1880,837 1876,837 1865,832 1836,831 1795,833 1778,837 1769,841 1757,843 1741,843 1728,841 1719,837 1712,836 1705,832 1692,830 1681,830 1643,838 1578,838 1555,841 1538,841 1518,837 1511,833 1489,832"/>
                <Baseline points="1484,881 1933,881"/>
                <TextEquiv>
                    <Unicode>Phening so mir mit Remanenntz fur Einnemen</Unicode>
                </TextEquiv>
            </TextLine>
            <TextLine id="tl_1739538859" custom="readingOrder {index:13;}">
                <Coords points="1652,885 1648,881 1647,881 1646,880 1643,880 1642,879 1637,879 1636,878 1601,878 1600,879 1594,879 1593,880 1588,880 1586,882 1583,883 1579,887 1576,888 1573,891 1571,891 1568,893 1551,893 1550,892 1548,892 1547,891 1542,889 1539,886 1538,886 1537,885 1533,885 1532,886 1530,886 1529,887 1518,887 1517,888 1508,888 1507,889 1500,889 1498,891 1498,939 1499,939 1500,940 1589,940 1590,939 1592,939 1593,938 1596,938 1597,937 1628,937 1629,938 1651,938 1652,937 1653,937 1653,888 1652,887"/>
                <Baseline points="1498,923 1653,923"/>
                <TextEquiv>
                    <Unicode>khumen seindt</Unicode>
                </TextEquiv>
            </TextLine>
            <TextLine id="tl_1739538851" custom="readingOrder {index:14;}">
                <Coords points="1768,1095 1764,1091 1712,1090 1701,1082 1686,1078 1682,1074 1679,1063 1669,1055 1667,1044 1657,1034 1655,982 1641,969 1587,968 1573,976 1561,978 1552,987 1547,989 1538,1000 1534,1002 1530,1015 1519,1023 1518,1034 1509,1040 1506,1045 1495,1055 1491,1064 1484,1069 1475,1079 1467,1082 1451,1098 1444,1103 1439,1110 1432,1115 1430,1215 1428,1220 1420,1228 1418,1238 1419,1249 1424,1253 1462,1253 1475,1243 1487,1243 1496,1234 1504,1231 1512,1224 1526,1222 1532,1215 1537,1212 1552,1211 1558,1204 1562,1202 1663,1202 1674,1194 1683,1192 1764,1191 1768,1187 1769,1180"/>
                <Baseline points="1418,1181 1769,1181"/>
                <TextEquiv>
                    <Unicode>Latus per se</Unicode>
                </TextEquiv>
            </TextLine>
        </TextRegion>
    </Page>
</PcGts>
