2557 1728
1502 61 2164 445 Auf die hof
1800 420 1995 491 Claidung
1650 557 2135 672 Adi den 23 Novembris Khaufft Ich auf
1670 661 2114 730 ausßtaillung, der hof Claidung Von
1669 715 2134 783 der herrn, N, Weickhman Von Vlm,
1669 768 2131 836 Diener Conrad Prunner genanndt,
1673 819 2142 894 alhie fünf stuckh Rat guet Lindisch
1668 878 2116 949 tuech haben Innhalt strichs ge
1669 938 2117 1007 hallten, 210 2/8 ellen, die Tuech
1674 996 2114 1060 lenng 28 Ellen, wienner maß
1677 1039 2425 1138 Vmb 30 f thuet laut auß Zugs f. 225 s 7 d 4.
1474 1163 1928 1470 Latus per se.
