2286 1498
506 161 930 247 Mer zalt den Neüntzehenden tag Augusti
547 236 942 280 herr Peter haller der Khu. Wl. Zu Behem
546 272 935 311 Phening maister etc. den verfallen Zins den
546 304 937 351 Neundten Augusti von den Zehen tausent
543 339 933 386 Phundt Phening so Irer Kne. Wl. Ge
547 375 1151 462 meiner stat schuldig f. 500 s. d
519 539 924 612 Item den Viertzehenden tag Septembris
539 604 944 648 bezallt Maister Hanns Petzeler den Zinß
544 639 955 685 von ain hundert Viertzehen Phund Vier schil
540 677 937 723 ling Phening Purgrecht zu der von Eß
540 708 1151 785 larn Stifft Georgii verfallen f. 6. s 2. d
479 863 935 925 Den AchtVnndtzwaintzigisten Septembris
541 909 943 972 Zalt Georg Prunner Kasstecher von
532 993 932 1180 Latus 506 f 2 s d
1463 153 1927 253 seinem laden auf S. Peters Freythof den halben
1460 244 2111 328 Iar Zinß Michaelis verfallen thuen Vt quittung f. 1 s 4. d
1440 408 1903 475 Mer dito von Michl Lunntzer Zu Nustorf emPhan
1451 465 1893 513 gen den Zinß Vier Phund Phening Vmb we
1455 501 1900 553 gen aines Ich weingarten In den hanngen
1455 540 2117 625 lussen gelegen Vt Quittung f. 4. s. d
1344 638 1892 773 Cristoff Wanckher vnnd Lucas Perl beede Bur
1450 764 1871 810 ger alhie haben von Irem oeden fleckh
1440 800 1875 854 vor Stubenthor den ausstendigen diennst
1443 844 1887 904 Vom /57/58/59/ vnnd 60isten Iar Iedes
1442 890 2159 980 1 s 10 d bezallt f. s 5 d 10.
1381 985 1856 1216 Latus 6. f. 1 s 10 d
