2282 1512
395 172 872 252 Item dito vom Wolfganng Stainsailler für
425 241 1080 310 das Burgerecht betzalt nach gebrauch f. 2. s. d.
405 357 848 473 Augustin Weber vaß Ziecher erlegt den
436 451 845 521 funfVnndtzwaintzigisten tag Februarii
437 504 1083 589 für das burgerecht 26 d. Idest f. 2 s. d.
409 639 861 735 Adi den dritten tag Martii hat Dauidt
430 719 841 779 Kaiser Leitgeb für das Burgerecht
447 767 1066 845 bezalt nach gebrauch 26 γ d. Idest f. 2. s. d.
406 895 870 999 Idem dito Sebastian Hueber Weisgarber
448 977 1100 1095 fur das Burgerrecht bezalt f. 2. s. d.
319 1105 863 1312 Latus 8. f. s. d.
1448 163 1924 251 Mer den Zehenndten tag Martii von Georg
1488 227 1924 281 Ludwig weißgarber für das Burgerrecht
1493 269 2145 346 emphanngen zway Phund Phening Idest f. 2. s. d.
1420 362 1915 505 Georg Scharer Gwandler bezalt fur das
1487 497 2144 585 burgerecher Zwelf schilling Phening Idest f. 1. s 4. d.
1441 656 1934 731 Den dreytzehenden tag Martii hat Caspar
1482 721 1909 780 Kienast Stainmetz für das burgerecht
1491 773 2141 849 bezalt f. 1. s. 4. d.
1447 912 1917 997 Idem dito Vom Hanns SPannig Mauerer
1489 979 2158 1061 für das Burgerrecht Emphanngen f. 1. s 4. d
1459 1078 1910 1260 Latus 6. f. 4. s. d.
