2251 1486
492 176 931 242 Item dito von Georg Prunner Kässtecher
502 233 934 281 den Zinß Georgii aus seinem laden an S. Pe
507 270 943 325 ters khirchen Georgii verfallen emPhann
507 313 1157 388 gen Vt quittung f. 1. s. 4. d
496 436 935 540 Sigmundt Greißpuchler Kasstecher hat
505 537 939 578 auch berurten tag Von seinem Laden zalt
505 572 933 622 den Zinß Georgii verfallen gebracht
509 614 1160 694 wie obsteet f. 1. s. 4. d
492 728 928 840 Maister Georg Seidenguertler bezallt
513 833 923 889 auch dito den Zinß Von seinem Tuernlen
513 873 948 936 nebens Cramer gaßlen auf der von Maur
508 921 1154 1001 bach fleischPankh f. s 3 d 10
404 1038 931 1227 Latus .3. f 3. s 10 d.
1417 151 1864 247 Item dem lessten tag Aprilis hat Steffan
1440 236 1856 285 Conradt Khürschner von den hundert etc.
1445 269 1878 321 Phundt Phening zu Angnes veldtkhircher
1447 308 1865 364 in Stifft gehorig Der Cantorey incor
1439 353 2081 435 porirt Georgii verfallen thuet f. 5. s. d
1386 468 1853 581 Michl Frannckh Kasstecher zallt von
1433 568 1865 626 seinem Laden auf S. Petersfreitthof den
1420 612 2115 708 Zinß Georgii verfallen f. 1. s 4. d
1397 784 1856 862 Caspar Petzallt Pheyllschiffter erlegt
1425 847 1856 908 auch den anndern tag Maii den Zinß aus
1419 893 2101 992 dem Peirer thurn Georgii diß Iars f. 5. s. d
1312 1000 1821 1224 Latus 11 f. 4 s. d
