2270 1493
450 165 879 239 Weylundt Angnes Veldtkhircherin
469 228 895 290 Sifft gehorig den Zinß zu S. Pauls be
467 277 1088 358 kherung tag verfallen f. 5. s. d
424 444 890 510 Lienhardt Alrauner fletzer bezalt den
474 501 906 560 funfVnndtzwaintzigsten Ianuarii des Ain
473 542 908 595 vnnd Sechtzigisten Iar von den Ainhundert
469 588 883 645 funfftzehen Pfundt Phening haubtgellt
468 631 897 691 Zu Michl Fuchsen Stifft gehorig den ge
476 676 892 733 wondlichen Zinß auf Gotsleichnambs
473 721 910 774 tag vertigs etc Sechszigists Iars etc verfallen
466 764 906 824 thuet funf Phundt Sechs schilling Phe
473 816 1130 915 ning Idest f. 5. s. 6. d.
472 984 860 1211 Latus 10. f. 6. s. d
1427 188 1892 271 Item den fünfften tag Februarii dises 20 Ain
1444 261 1873 310 vnnd Sechtzigisten Iars Ist mir durch Mais
1440 296 1870 345 ter Balthasar Steger Maurer Ins ober
1439 333 1893 381 Camerambt erlegt worden von Viervnnd Sechs
1438 366 1876 417 zig Phundt Phening auf seinem haus ver
1445 404 1885 464 schriben der Zinß zu Elisabeth Wachßgies
1444 449 1862 514 serin Stifft gehorig zu Vnnser frawen
1433 498 2147 590 Liechtmeß tag verfallen f. 3 s 1. d 18
1368 652 1874 734 Mer Zalt herr Vicenntz  Muschinger Vrtlschrey
1434 722 1873 768 ber von zwayen Weingarten zu Enntzerß
1424 758 1871 811 dorf so Er Leibgedingsweis Im bestannd hat
1418 799 1868 856 des verschinen 20 NeünVnnd funfzigisten Vnnd
1428 847 2120 943 Sechzigisten Iars yedes 11 γ 4 s d ꞩ f. 23. s. d.
1309 1064 1842 1209 Latus 26. f 1. s 18. d
