2304 1555
1316 64 1992 408 Auf Prunst
1674 383 1752 439 ten
1470 522 1927 600 Nachdem sich den Letsten tag Augusti In
1496 586 1954 637 hannsen Ruofen behausung bey der wol
1496 631 1934 692 Zeill ain Prunsterhebt, Vnd daselbs ain
1496 677 1911 737 Maurer gesell an ainem aug ainen
1489 715 1978 776 stich Vom ainer hellnparten, emphanngen
1484 764 1920 820 In bey sein seines Maister Thoman
1486 805 1917 864 Armbdorffer, Zuergezligkhait Zue
1494 849 1908 912 gestelt Vier Taller, Wiewell er Palt
1487 897 2170 980 darnach daran geftorben, Vt quitte f. 4 s 5 d 10
1307 1035 1800 1369 Latus per se.
