4962 3909
617 355 1826 467 sung in der wolzeil gegen Satz verschert
612 462 1840 548 gewesen wie auch die ienigen Sechzig Gulden
616 548 1817 627 so ermeltes arme hauß wegen Eines dem
614 628 1799 715 herrn Lucaß Ehrlinger Kay. Prouiant
618 716 1859 811 ambts obr. Leüte mand Gegen handler ver
610 812 1843 915 kaufften vnd in Clagbaumb gelegenen Achtl
592 914 1855 1007 weingarten empfangen gegen Einer Obl.
606 1007 1809 1110 vnd fünff per cento Iahrlichen Interesse
606 1108 1855 1206 Zu Gemainer Statt genohmen worden dise
602 1205 1819 1306 Ainhundert vnd Sechzig Gulden vermüg bis
615 1301 1831 1400 auf ein vnd ander steits belichen anligend ver
621 1399 2234 1509 bleiben Idest 160 f.
597 1576 1886 1690 Den 22. Iulii seind Zubezahlung deren durch
592 1682 1812 1781 herrn Iohann Bapt. Zachariasen des Kay.
605 1778 1780 1864 Statt gehts Beysizer in nahmen seines
603 1849 1845 1948 herrn Principalen herrn Sixt Anthonii Mil
596 1935 1877 2036 sers aufgekünden 4000 f. wie auch den wey.
593 2029 1804 2127 herrn Iohann Thury gewesten Kay. Ziegl
592 2131 1814 2226 hetters seel. Erben an Ihren anligenden
595 2208 1810 2314 6 f. aufgekinden 2400 f. wie auch ander
607 2310 1812 2411 mehr aufgekinden vnd angeschafften posten
598 2392 1815 2499 auf beyligend berathschlagten Ober Cam
605 2498 1801 2592 mer ambt bericht sambt seinen vier
602 2584 1807 2687 bey lagen aus wey. herrn Leopoldt
583 2681 1802 2792 Kargen seel. verlassen schafft vnd Zwar
588 2789 1813 2887 auß handen der Verordneten Gerhaben
577 2880 1801 2976 als herrn Iohann Heinrich des Aussern
591 2972 1793 3088 Raths vnd Michael Perckhawer gegen
918 3190 1665 3335 Latus 160. f.
3014 390 4251 485 meinen Ambtschein vnd funff per cento Iahr
3017 487 4214 575 lichen Interesse Aintausent dreyhun
3017 582 4244 665 dert Gulden entlehnet worden die sollen
3008 668 4226 763 Zu beeder Puppillen nahmes Barbara vnd
3010 762 4243 857 Clara erraichenden Vogt bohrkeit auf
3007 864 4246 945 vorgehende aufkündung auß Gemainer
3005 943 4590 1116 Statt geföhln wider bezahlt worden Idest 1300 f.
2955 1151 4202 1295 Eodem die vom armen Hauß St. Marx
2974 1296 4217 1390 gegen Einer Obligation vnd fünff per
2979 1386 4243 1476 cento Iährlichen Interesse Zwey hundert
2952 1483 4194 1572 Gulden rh. welche demselben auß dem
2971 1575 4221 1669 Landthauß in abschlag dern alda anligenden
2966 1668 4584 1811 Canitalin abgeführt worden Idest 200 f.
2968 1869 4152 2027 Den 23. dito von Ihrer hochwirden
2954 2028 4211 2125 herrn Stephan Zwierschlag Thumb probsten
2957 2116 4154 2217 Zu St. Stephan als wey. herrn Iohann
2959 2228 4156 2323 Augustin Zwergers seel. auch gewesten
2960 2327 4197 2415 Thumbprobstens verlassenschafft gegen
2953 2423 4206 2518 Einer Obligation vnd funff per cento Iähr
2964 2518 4162 2621 lichen Interesse Funffhundert Gulden
2950 2614 4197 2715 die sollen bis auf vorgehende aufkün
2923 2728 4520 2851 dung anligend verbleiben Idest 500. f.
2695 2940 4166 3136 Ingleichen auf von iezt gedachten herrn Zwier
3136 3214 3940 3387 Latus 2000. f
