4954 3905
635 411 1914 523 schlag etc aus wey. Geörgen Seefridts gewesten
650 515 1911 609 officialischen Vnterthans Zu Simerimg seel. ver
655 603 1896 693 lassenschafft Zweyhundert Gulden die gehörn
659 693 1869 777 der Seefridischen noch vngeuogten Tochter
645 779 1892 870 Rosina Zue die sollen auch vermög auß ge
654 874 1889 967 listerter obligation mit funff per cento
648 971 1885 1076 verzinst vnd kaüfftig auf begehrn wider ob
630 1082 2221 1229 geführt werden Idest 200 f.
582 1294 1923 1439 Gleichfalls seindt auch von dem wolfhr wirdi
633 1441 1913 1536 gen herrn Laurentio Haberelln Thumbherrn
628 1532 1875 1636 Zu St. Stephan aus wey. herrn Zacharias Pren
642 1638 1858 1730 ners gewesten Pfarrers in Burgerspital
630 1736 1912 1836 seel. verlassenschafft gegen Einer Obligation
637 1834 1867 1936 vnd fünff per cento Iahrlichen Interesse Ain
634 1938 1907 2034 tausent Zwayhundert Gulden entlehnet wor
623 2035 1885 2133 den die sollen ins könfftig auch auf vorge
626 2133 1843 2243 hende auf kündung wider abgeführt werden
1138 2257 2229 2369 Idest 1200. f.
616 2450 1903 2567 Ebenmessig hat auch gedachter herr Haberel
636 2566 1893 2655 die ienigen Sechshundert Gulden welche herr
598 2656 1932 2761 Iohann Erger vnd herr Valentin Lehner beede
636 2763 1958 2861 des Aussern Raths wie auch Matthias Iaritsch
618 2860 1907 2973 Ioseph Piozollo vnd Iohann Andre Richter
634 2976 1902 3089 alle Burger alhie Zu pro Sequierung der
893 3206 1686 3376 Latus 1400. f
3014 323 4191 428 Iahrlichen Procession so von St. Stephan auß
3034 418 4145 500 nach vnser frawn Cell von villen Iahrn hero
3033 506 4152 585 auß Ihrer Andacht verrichtet worden Zusamben
3016 585 4192 665 getragen haben Zu Gem. Statt erlegt die
3012 667 4133 759 sollen auch Inhalt hingegebene Obligation
3003 733 4139 840 Iährlich mit 5. per cento verzinst vnd nach er
3005 833 4162 937 folgender aufkündung wider abgelegt werden
3173 970 4506 1066 Idest 600. f.
2962 1104 4179 1239 Besagten 23. Iulii hat auch herr Valentin
3006 1224 4177 1317 Lehner des Aussern Raths vnd der Gotts
3027 1306 4165 1405 leichnambs Bruderschafft Zu St. Stephan ver
3027 1382 4179 1488 walter von denen ersparten Bruederschafft
3004 1483 4170 1580 geföhlen gegen Eine Obligation vnd funff
3008 1555 4177 1668 per cento Iährlichen Interesse Sechs hundert
2998 1661 4175 1752 Gulden dargelichen die sollen auch nach vor
3009 1742 4154 1857 gehender aufkhindung wider abgezahlt wer
3054 1865 4504 1977 den Idest 600 f.
2983 2106 4100 2251 Den 4. Augustii seind von N. vnd N.
3004 2238 4134 2334 herrn Chormaister vnd Curathen auf der
2990 2312 4153 2434 Bischofflichen Chur Zu St. Stephan Zu etwas
3018 2416 4164 2526 bezahlung dern denen Burgerlichen Schuestern
3020 2507 4157 2623 angeschafften 8400 f. gegen Einer Obligati
3015 2603 4142 2714 on vnd verschriebenen fünff per cento Iahr
3007 2700 4154 2803 lichen Interesse Siben hundert Zwey vnd
2987 2794 4137 2898 Sibenzig Gulden rh. entlehnet worden wel
3006 2898 4123 3006 che vnterschiedliche Persohnen wegen vor
3230 3107 3906 3280 Latus 1200. f.
