4966 3920
645 331 1873 432 samben 662 f. 4 s auß tragen den 18. Sept.
652 429 1890 511 1647. Zu Gem. Statt genohmen worden ein ob
654 510 1885 596 ligation mit Fünff per cento Iahrlichen Inter.
656 599 1847 688 hinaus entgegen der Sazbrieff S. ad Cahsand um
641 689 1899 771 herrn gegeben worden die bringen in Teütscher
634 767 1838 857 Müntz den Hungarischen Gulden Zu 11 s. ge
659 850 1818 932 raith benentlichen Zweyhundert funff vnndt
661 929 1847 1024 funffzig Gulden vnd können solche auf vor
626 1016 1880 1116 gehende aufkindung wider abgeführt werden
1200 1131 2229 1242 Idest 275 f.
605 1334 1878 1476 Den 20. dito ist der Löbl. Aller heilligen
604 1463 1836 1559 Bruderschafft in Burgerspital alhie auf beyli
623 1557 1831 1633 gendes anbringen vnd Ober Camerambts be
632 1629 1854 1709 richt eine Obligation per drey hundert
633 1713 1815 1796 vnd funffzig Gulden mit verschriebenen
617 1797 1873 1891 funff per cento Iahrlichen Interesse hinaus
616 1885 1881 1979 gegeben worden welche von gedachter Bruder
610 1992 1866 2079 schafft verkaufften weingarten herrührn wo
611 2078 1870 2167 uon neben denn Auorpergerischen 838. vnd
613 2170 1850 2258 nach uolgenden der hauß armen leuth laadt
600 2248 1875 2346 gehörigen 100 f. die auf die Raith Camer Zue
608 2339 1878 2439 legen schuldige 1400 f. Geörg Naglischer hauß
608 2437 1825 2532 kauff schilling abgeführt worden seindt die
599 2528 1853 2620 sollen auch auf vorgehende aufkündunng ins
591 2602 2254 2758 koüfftig wider abgeführt werden Idest 350 f.
560 2828 1782 3013 Eodem die ist der hauß armen leuth laadt
596 3021 1794 3133 auf obige bewilligung vmb Ainhundert
829 3220 1613 3418 Latus 625. f.
2973 348 4211 461 Gulden welche hieuor auf des Anthonii Stro
2996 447 4212 529 schneiders aniezo Iacob degetzen Burger vnd
3001 526 4228 603 Schlossers halben Behausung in der wol
3005 601 4215 687 Zeil gelegen vnd gegen Saz versichert gewesen
3021 678 4243 760 eine Obligation mit verschribenen funff per
3023 759 4224 850 cento Iährlichen Interesse hinaus gegeben worden
3025 829 4234 924 die können ins könfftig auf wider aufgekindet
3021 933 4531 1075 vnd abgeführt werden Idest 100. f.
3234 1166 3782 1336 Latus per Se.
3112 1386 3801 1624 Sa 21495. f
