4963 3883
609 354 1881 476 Schuechmacher Ihrer auf Gem. Statt heüriges
640 464 1899 567 Landtags Contingent angewisenen 15 f. vber
647 548 1894 641 vorstehend entlehnete 500 f. widerumben gegen
638 645 1874 758 Einer Obligation vnd verschriebenen
618 726 1860 824 Sechs per cento Iahrlichen Interesse Viertau
628 827 1874 919 sent Gulden anticipiert worden dauon das
623 913 1854 1000 Interesse Iahrlich mit 240 f. an der schul
627 1000 1855 1097 digen Steuer wegen des Iüngsthin erkaufften
653 1098 1827 1187 Tschackhischen hauß abgeschrieben werden
621 1188 1889 1290 das Capital aber bis auf vorgehende auff
631 1286 1860 1389 kündung anligend verbleiben vermög Bey
618 1383 1907 1484 ligend Raths decrets krafft dessen obige
588 1485 2226 1637 15. f. sollen aufgenohmen werden Idest 4000 f.
588 1706 1837 1866 Den 12. Dito seindt ebenmessig von wey.
586 1864 1887 1954 Herrn Zacharia Prenners gewesten Pfarres
607 1953 1872 2042 in burger Spital seel. Testaments Exe
602 2039 1892 2137 cutores als herrn Iohann Prugger herrn
609 2130 1855 2225 Lorentz Habereln Beeden Thumb herrn Zu St.
605 2222 1870 2307 Stephan vnd herrn Sebastian Mayr des
592 2303 1869 2400 Aussern Raths vnd Vngeldts Einnehmern Zu
604 2402 1861 2491 besagten ende gegen Einer Obligation vnnd
600 2484 1835 2581 fünff per cento Iahrlichen Interesse Aintau
577 2592 1825 2680 sent Gulden entlehnet worden dauon solle
586 2682 1852 2775 das Interesse Iahrlich den herrn Chormai
588 2770 1890 2872 ster vnd Curathen Zu St. Stephan mit Fünff
584 2878 1842 2973 Zig Gulden geraicht werden das Capital
597 2979 1790 3075 aber bis auf vorgehende aufkindung
600 3084 2207 3212 verbleiben Idest 1000 f.
879 3252 1473 3374 Latus 5000. f.
3021 403 4210 560 Den 16. dito Inglichen von Ihrer hochwir
3027 553 4264 647 den herrn Stephan Zwierschlag Thumbprobsten
3030 638 4259 733 vnd herrn Michael Zwerger Thumbherrn als
3028 734 4262 828 wey. herrn Iohann Augustin Zwerger seel.
3023 822 4211 922 auch gewesten Thumbprobsti Zu St. Stephan
3020 922 4244 1007 ex testamento verordneten herrn Executo
3024 1010 4168 1108 res Benentlichen funff hundert Gulden
3015 1095 4239 1201 die sollen vermög hinaus gegebener Oblig.
2996 1204 4193 1303 Iährlich mit funff per cento verzinst werden
3010 1301 4198 1397 vnd bis auf erfolgende aufkündung anli
2996 1412 4534 1512 gend verbleiben Idest 500. f.
2927 1635 4196 1775 Den 18. Martii seind von der Pfarr Zu St.
2981 1773 4189 1863 Michaeli alhie am Kollmarckht aufzu vor
2995 1867 4180 1954 stehenden ende gegen Einer Obligation
2999 1952 4185 2047 vnd funff per cento Iahrlichen Interesse
2984 2049 4163 2151 Aintausent Gulden entlehnet worden die
2993 2146 4214 2256 sollen alle halbe Iahr mit 25 f. verzinst
2986 2242 4182 2352 werden vnnd bis auf begebende aufkündung
2988 2366 4536 2473 anligend verbleiben Idest 1000. f.
2946 2560 4194 2693 Den 24. Maii seindt auf Mündliches anlangen
2983 2680 4200 2783 der herrn Superintendenten des armen hauß
2979 2766 4205 2866 St. Marx die ienigen Ainhundert Gulden rh.
2974 2861 4207 2957 welche hieuor auf des Anthonii Strophindts
2979 2950 4181 3069 gewesten Burger. Schlossers seell. Tochau
3291 3170 4059 3326 Latus 1500. f
