6069 4699
2482 686 3050 918 f. kr. d.
800 1151 2329 1310 Dem Herrn Simon Thadæo
822 1306 2258 1445 Wittmann Kay. König. und
820 1437 2314 1570 Gemr. Stadt Zeüg Wart seine
832 1545 2289 1672 Von 1.ten Octob. 760. bis lezten
824 1659 2293 1789 Septemb. 761 auf ein Iahr
825 1718 3009 1907 Verfallene besoldung mit 600 " - " -
768 2069 2318 2262 Der Theresia Kochin burgerl.
821 2254 2299 2378 Bichßenmachers wittib die ihr
819 2373 2383 2493 wegen buz Saüber und zurichtung
821 2492 2336 2598 des gewöhrs in gemr. Stadt zeüg
817 2607 2376 2721 Haus aus geworffene Bestallung
816 2723 2305 2845 Von 1.ten Octob. 760. bis lezten
820 2846 2366 2976 Septemb. 761. auf ein Iahr ge
837 2961 3001 3105 gen 4. Quittungen 300 " - " -
789 3247 2337 3396 Dem Lorenz Schachner Hand
849 3392 2411 3497 langern in Gemr. Stadt zeüghaus
853 3508 2424 3635 die Von 2.ten Aug. 760. bis dito 761.
850 3621 2333 3736 Verfallene Iahrs Besoldung ut
863 3674 3008 3852 4. Quittungen 100 " - " -
2263 3815 3028 3981 1000 " - " -
5162 842 5884 1034 f. kr. d.
3502 1124 5156 1301 Dem Philipp Lenz Kay. König.
3521 1306 5103 1448 Pulver MagaZins dienern auf
3555 1448 5013 1574 dem Neü gebaü wegen alda
3551 1566 5022 1700 zu besorgen habend gemer.
3528 1684 5035 1837 Stadt Pulvers dessen Von 1.ten
3510 1824 5112 1977 Octob. 760 bis lezten Septemb.
3524 1971 5053 2140 761. auf ein Iahr Verfallene
3532 2105 5778 2300 Bestallung beweis 4. Quitt. 18 " - " -
3635 2552 5100 2805 Suma Ausgab auf
3678 2750 4935 2956 gemeiner Stadt Zeüg
3809 2874 4853 3055 und Güß Haus
3883 3074 5035 3282 1054 f. 10. kr.
