6064 4740
2459 849 3027 1086 f. kr. d.
758 1149 2321 1325 Ioseph Hilleprand Controlor
781 1330 2331 1447 alda die wegen Collectirung der
807 1446 2324 1563 klein und Iungen Viech Maut
781 1558 2320 1693 am tabor Iährl. aus geworffenen
781 1694 2338 1814 Remueration pro 760 Ver
844 1791 2969 1954 mög Quittung 50 " - " -
768 2058 2295 2244 Den 2.ten Ian. 761. bezahlte
791 2249 2360 2362 ich denen gesamt N.Ö. Regier.
767 2370 2278 2488 Raths thürhüttern die Iähr.
763 2490 2285 2602 Remuneration laut Quitt
767 2586 2979 2740 und daruf gegebener Passierung 12 " - " -
746 2827 2367 2982 Dem Herrn Frantz Fritz K. K. Hand
765 2986 2349 3103 Gräflichen aufschlags Einnehmern
758 3103 2331 3210 zu Stockerau wegen Anno 760. all
751 3215 2328 3322 Wochent. eingeschickten Getrayd
768 3319 2325 3427 Käufen die Iähr. Remunerati
774 3432 2288 3547 on Besag Berathschlagten an
782 3550 2320 3654 bringen Metzenleicher amts
758 3664 2910 3807 attestat und Quittung 14 " - " -
2233 3838 2982 4045 76 " - " -
5132 874 5842 1075 f. kr. d.
3456 1046 4966 1366 Ingleichen bezahlte ich dem
3493 1339 4997 1507 Herrn Iohann Carl Markt
3482 1473 5028 1619 Richtern zu Fischament Von dem
3489 1595 4998 1767 Anno 760. eingesendeten Körner
3495 1741 5013 1903 Kauff die gewöhnliche Remune
3476 1869 5032 2016 ration gegen Berathschlagten
3477 2007 5018 2155 anbringen Mezenleicher amts
3463 2115 5739 2271 attestation und Quittung 14 " - " -
3424 2371 5063 2568 Den 26.ten Maii 761. bezahlte
3475 2551 5056 2685 dem Gregorio Gsangler Stadt Quardi
3472 2678 5030 2823 Invaliden die zu seiner anderten
3465 2777 5036 2942 Hochtzeit mit dessen bereits 50. Iahr
3468 2889 5065 3037 Verheürathen Eheweib Laut berath
3482 3011 5008 3175 schlagten anbringen und dar
3498 3125 5033 3305 auf gestellter Quittung ange
3501 3257 5765 3416 wiesene 4 " 10 " -
3459 3485 5073 3710 Dem Iohann Michael baumbgart
3466 3681 5026 3869 tner Gemr. Stadt Castner die
4946 3889 5755 4062 18 " 10 " -
