6097 4701
2473 779 3038 989 f. kr. d.
825 1060 2404 1256 Zu wachtern auf den St. Stephans
829 1254 2357 1377 Thurn dessen Von 1.ten Octobr.
840 1393 2325 1543 760. bis lezten Septemb. 761.
822 1522 2351 1671 Verfallene Iahrs Besoldung Ver
820 1630 2997 1798 mög 4. Quittungen 117 " - " -
897 2002 2365 2252 Suma Ausgab auf
1027 2234 2282 2378 St. Stephans Thurn
1322 2394 1853 2523 und Uhr
1064 2539 2104 2747 157 f. -
3821 448 4984 888 Ausgab
3571 1079 5056 1293 Auf Gemeiner Stad Zeüg
3837 1294 4805 1448 und Güß Haus
5175 813 5818 993 f. kr. d.
3535 1644 4983 1780 Den 20.ten Ianuarii 761. be
3543 1802 5025 1919 zahlte ich dem Herrn Simon
3540 1911 5081 2062 Thadæo Wittman Kay. König.
3548 2055 5049 2168 und gemeiner Stadt Zeüg Wart
3523 2161 5086 2289 die von 1.ten Novemb. 759. bis lezten
3520 2300 5030 2422 Octob. 760 in gemeiner Stadt
3524 2402 5082 2547 Zeüg Haus bestrittene ausgaben
3521 2546 5057 2679 Laut gefertigter Specification
3510 2658 5766 2824 nebst hierauf befindt. Passirung 22 " 11 " -
3497 3050 4940 3206 Den 20.ten Iulii dem Lorenz
3533 3187 5061 3312 Schachner Handlangern in Gemr.
3524 3300 4996 3426 Stadt Zeüg Haus Vom erkaufften
3520 3422 5046 3566 Raiff dann andere bestrittene
3513 3533 5002 3678 ausgaben auch Verrichte binder
3504 3648 5060 3782 Arbeit dessen adiustirt und gefer
3510 3760 5763 3926 tigten auszügel mit 12 " 59 " -
4916 3933 5807 4066 36 " 10 " -
