6040 4697
2440 715 3011 918 f. kr. d.
775 1049 2335 1199 fürdaurenden Ungäßligkeit
795 1207 2296 1330 bis auf weitere Verordnung Ver
784 1337 2273 1463 willigt Monatliche 10. f. auf
799 1476 2284 1588 5. Monat als von 1.ten Ianuarii
784 1593 2327 1716 bis lezten Maii 761. mit 50. f.
791 1720 2271 1834 dann die ihme besonders in
778 1836 2312 1966 Monat April zur beyhilff an
747 1972 2267 2086 gewiesene 5. f. zusamen
748 2081 2339 2208 Inhalt Löbl. Würtschafft Raths
740 2199 2947 2358 Decret und 6. Quittungen 55. " - " -
729 2565 2237 2711 Dem Herrn Iohann Franz
780 2695 2319 2850 Eder Weltlichen Priestern und
822 2840 2262 2965 Stadt Titulanten die selben
771 2956 2305 3090 in ansehung seines hohen alters
770 3090 2324 3210 auch auf habenden Leibes gebrochen
787 3213 2294 3321 zur Sustentation Lebens Läng
776 3331 2250 3440 lich als einen beytrag Iährl.
779 3442 2281 3557 Verwilligte 100. f. von 21.ten
770 3564 2268 3675 Ianuarii bis 21.ten Iulii 761.
776 3676 2304 3829 auf ein halbes Iahr Besag Löb.
1973 3809 2965 4046 55 " - " -
5104 873 5795 1043 f. kr. d.
3484 1093 4957 1228 Würtschafft Raths Decret in vidi
3515 1188 5712 1348 mus und 2. Quittungen 50 " - " -
3425 1486 4925 1660 Der Catharina Weltischofferin
3469 1647 4951 1777 Wittib an denen auf 2. Iahr und
3465 1772 4888 1900 zwar Von 4.ten Augustii 761.
3467 1881 4941 2025 anfangend Wochentlich Verwillig
3475 1998 4930 2173 ten 1. f. 30. kr. bis 1.ten Septemb.
3487 2132 4960 2292 761. auf 4. Wochen Vermög vi
3491 2239 4987 2420 dimirt Löbl. Würthschafft Raths
3499 2354 5714 2541 Decret und Quittung 6 " - " -
4804 2501 5680 2627 56. " - " -
3576 2768 4930 2983 Suma Ausgab auf
3780 2921 4945 3124 Iähr. Unterhaltungs
3536 3079 4950 3283 Gelder und angeschaffte Bey
3859 3243 4365 3386 Hülfen
3749 3351 4941 3604 9835 f. 56 kr.
