6012 4730
3688 423 4879 872 Ausgab
3504 1061 4981 1337 Auf Geschank und Ver
3940 1331 4635 1486 ehrungen
5094 918 5797 1094 f. kr. d.
3450 1611 4993 1808 Den lezten Nouemb. 760. be
3473 1804 4985 1939 zahlte ich dem Herrn Iohann To
3471 1934 5018 2061 bias Wißner Mezenlichern und
3464 2064 4931 2207 Iohann Georg Weber dessen
3452 2203 5010 2342 Gegenhandlern die ihnen wegen
3448 2328 5039 2463 den Einnahm deren 2. f. Von ieden
3455 2476 4992 2595 Mut Mehl und derowegen ha
3445 2597 4967 2727 benden Extra bemühungen
3458 2718 5011 2842 aus geworffene Remuneration
3458 2847 4998 2976 und zwar dem Ersteren 150. f.
3460 2973 5032 3100 und dem leztern 100. f. zusamen
3456 3090 5001 3241 Inhalt Löbl. Würthschafft Raths De
3456 3212 5625 3337 cret und Quittung 250 " - " -
3434 3422 5023 3592 Dem letzten dmb. betzahlte ich dem
3435 3576 4973 3722 Herrn Iohann Franz von Zobel K. K.
3444 3688 4951 3821 Rath und tabor Bruck Maut
3428 3795 5023 3955 Einnehmern dann Herrn Franz
4888 3926 5689 4058 250 -
