6204 4738
2453 366 3041 605 f kr d.
759 742 2340 940 Gmr. Statt Zimermaistern wegen
773 926 2373 1068 in Gmr Statt Proviant MagaZin
761 1061 2291 1196 Anno 742. 747. et 746. Verrichter
780 1195 2291 1314 arbeith sein gefertigten und ad
779 1315 3078 1489 iustirten austzügl bezalt mit 9 " - " -
774 1539 2346 1737 Den 23.ten dito der Iohanna Bin
768 1730 2333 1857 derin Schmidtmaisterin wegen Re
757 1858 2328 1981 parierung der Mehl Waag in Gmr
755 1968 2322 2101 Statt Casten ihren gefertigt und
764 2100 3049 2257 Adiustirten auszügl Bezalt mit 1 " 30 " -
728 2312 2256 2492 Dem Iohann Baptist Hörmann
761 2497 2345 2634 Gmr. Statt Castnern sein bis Lez
766 2634 2349 2760 ten Iunii 747 Verfallene halb iahrs
762 2767 2345 2908 Besoldung zalt Laut 2. Quittungen
781 2904 3049 3039 mit 250 " - " -
753 3084 2384 3268 Dem Iohann Carl Schwärzl Casten
765 3267 2299 3382 Ambts gegenhandlern sein Vor
775 3387 2362 3515 dis Iahr Verfallenes Martii 4 tal
757 3521 3058 3666 bezalt Vermög quittung mit 50 " - " -
2236 3683 3088 3997 310 f 30 kr
3480 1277 5209 1651 Suma Vorstehenter
4007 1646 4672 1828 Ausgaab
4029 1842 5207 2162 423 f. - kr. - d.
