5002 4046
727 463 2043 600 halb Iährige Interesse mit ain
727 579 2036 711 hundert gulden rh. vermög Quit
725 676 2371 838 tung hiebey Idest 100 f.
675 918 2042 1091 Den 20. Iulii Zahlte ich herrn Iohann
716 1079 1996 1186 Bapt. Troyer Thumbherrn das von
742 1181 2059 1304 denen anligenden Anna Glockhau
713 1312 2055 1413 erischen 175 f. Capital anheunt ver
721 1401 2041 1521 fallene Iahrs Interesse mit Sechs
712 1522 2046 1648 gulden 2 s d. Inhalt Quittung hie
715 1588 2439 1769 bey Idest 6 f. 2 s d.
664 1877 2038 2014 Ebenmessig zahlte ich vorgedachten
683 1979 2054 2098 herrn Habereln das von denen anli
700 2097 2029 2226 genden Iohann Garberischen 750 f.
725 2165 2071 2322 Capital anheunt verfallene halb
717 2285 2006 2452 Iährige Interesse mit achtzehen
694 2397 2001 2549 gulden 6 s d. Krafft Quittung hie
697 2471 2419 2685 bey Idest 18 f. 6 s d.
677 2752 2023 2910 Den 21. dito Zahlte ich denen P. P. Au
685 2895 2061 3011 gustiner alhie bey vnser lieben frauen
703 2981 1976 3105 Loreta das von ihren anligenden
685 3074 2006 3230 Altringischen 5 f. Wolff Köpplischen
703 3209 1970 3346 500 Augustin Argumetisch 500
1064 3463 1767 3663 Latus 125 f.
2887 480 4236 623 Geörg Zetrizischen 500 f. Capital
2949 622 4182 708 den letzten Iunii vnd dan von
2959 710 4235 816 denen Pizozischen 1200 f. anheunt
2962 796 4266 917 verfallene halb Iährige Interesse
2965 928 4207 1021 benentlichen ainhundert zwey
2950 1030 4268 1140 vnd neunzig gulden 4 s d. lauth
2949 1141 4807 1277 Quittung hiebey Idest 192 f. 4 s d.
2880 1403 4225 1524 Den 23. dito Zahlte ich mehr vorge
2924 1539 4211 1634 dachten h. Habereln das von denen
2936 1625 4222 1739 anligenden Zacharia Prennerischen
2919 1744 4246 1849 1200 f. Capital anheunt verfallene
2916 1857 4203 1962 halb Iährige Interesse benentlichen
2915 1968 4210 2087 dreyßig gulden rh. Inhalt Quit
2911 2094 4644 2227 tung hiebey Idest 30 f.
2812 2404 4252 2532 Dan Zahlte ich widerumben vorgemelten
2898 2529 4217 2625 herrn Grättinger das von der Gotts
2889 2639 4249 2740 leychnambs bruederschafft anligenden
2906 2753 4232 2855 600 f. Capital anheunt verfallene
2896 2861 4241 2974 Iahrs Interesse mit dreyßig gulden
2906 2979 4642 3117 rh. vermög Quittung hiebey Idest 30 f.
3282 3317 4131 3556 Latus 252 f 4 s d.
