4949 4052
688 583 1956 723 Ebenmessig Zahlte ich herrn P.
723 685 1997 829 Nicolao Haffner Guardian bey dem
743 803 1969 935 Heyl. Creüz das von des Closters
768 925 1912 1031 anligenden 3 f. Capital den
759 1027 2002 1143 23. Iunii verfallene Iahrs Interesse
758 1133 1974 1266 mit ainhundert vnd Funffzig
749 1207 1960 1367 gulden rh. Inhalt Quittung hiebey
770 1335 2333 1470 Idest 150 f.
720 1528 1954 1696 Dan Zahlte Ich herrn Christophen
748 1693 2011 1793 Titmaninger I. V. D. das von seinen
762 1797 2002 1903 anligenden 2 f. Capital den 26.
760 1902 1913 2031 diß verfallene halb Iährige
732 2006 1997 2137 Interesse mit Funffzig gulden rh.
725 2118 2316 2285 Inhalt Quittung hiebey Idest 50 f.
638 2388 1925 2592 Gleicher gestalten Zahlte ich herrn
734 2581 1994 2688 Iohann Ferdinand Fezer vnd herrn
746 2660 1964 2803 Iohann Geörg Hayweckh beede
753 2772 1924 2899 des Innern Stattraths vnd der
738 2887 1941 3025 Scheurischen Pupillen ghrt. ver
736 3009 1931 3120 ordneten Gerhaben das von der
737 3098 2015 3269 Pupillen anligenden 3 f Capital
1119 3547 1791 3681 Latus 200 f.
2883 520 4144 631 den 10. April verfallene halb
2879 638 4122 727 Iährige Interesse mit Fünff vnd
2915 735 4165 843 Sibenzig gulden rh. auf Ihr Quit
2878 827 4677 970 tung hiebey Idest 75 f.
2846 1119 4164 1260 Den lezten Iunii Zahlte ich vorge
2901 1249 4183 1352 dachten herrn P. Elwanger S. I. P.
2901 1364 4136 1470 das wegen der Kay. Fundation Zu
2885 1479 4183 1577 Preßburg anheunt Zu 6. pro cento
2892 1579 4208 1685 verfallene halb Iährige Interesse
2893 1700 4198 1794 mit ainhundert zwey vnd acht
2875 1800 4178 1914 zig gulden rh. Inhalt Quittung
2870 1891 4611 2054 hiebey Idest 182 f.
2796 2185 4146 2319 Ebenmessig Zahlte Ich dem Kay.
2887 2319 4205 2429 Professhauß die auf diß Monath
2875 2419 4206 2523 dahin gebührende Funffzig gulden
2844 2535 4133 2645 Allmussen deputat ut Quittung hie
2839 2639 4601 2766 bey Idest 50 f.
2768 2843 4192 3001 Ingleichen zahlte ich herrn Ferdinand
2868 2998 4143 3098 von Raidegg des aussern Raths
2864 3097 4172 3223 vnd Kirchenmaistern bey St. Stephan
3222 3362 3966 3585 Latus 307 f.
