4936 4026
705 508 2035 667 2 f. Capital anheunt verfahlene
697 669 2010 780 Iahrs Interesse mit ain hundert
716 786 1990 919 gulden rh. Krafft Quittung hiebey
720 911 2312 1048 Idest 100 f.
632 1139 1991 1318 In Simili auch von andern anligenden
684 1323 1994 1426 Franz Emerischen 2 f. Capital die
710 1435 2014 1530 von dem angestert verfahlen 100 f.
684 1502 1934 1639 Interesse der löbl. Vniuersitet
700 1649 1959 1775 gebührendte Sechzig gulden rh.
715 1755 2335 1907 lauth Quittung hiebey Idest 60 f.
648 1965 2008 2121 Ebenfahls Zahlte ich herrn Matthia
671 2100 1978 2219 Grättinger des aussern Raths
717 2211 2050 2345 vnd der Hochlöbl. Gotts leychnambs
718 2291 1997 2453 bruederschafft verordneten Ver
687 2447 1988 2573 walttern das von der brueder
673 2533 1969 2684 schafft anligenden 425 f. anheunt
726 2660 1967 2798 verfahlene Iahrs Interesse mit
724 2793 2035 2927 ain vnd zwainzig gulden 2 s d.
714 2824 2396 3059 gegen Quittung hiebey Idest 21 f. 2 s
618 3129 2000 3317 Ingleichen Zahlte ich dem herrn
1087 3485 1999 3685 Latus 181 f. 2 s d.
2873 461 4175 593 Martin Dätenwieder des aussern
2920 591 4226 691 Raths vnd Verwalttern der hauß
2934 701 4174 802 armen leuth Laadt das von denen
2946 803 4171 910 Anno etc. 1673. angelegten Plaichshir
2927 915 4154 1008 nischen 2 f. Capital angestert
2950 1010 4219 1125 verfallene halb Iährige Interesse
2956 1132 4179 1244 mit Funffzig gulden rh. Inhalt
2921 1233 4631 1375 Quittung hiebey Idest 50 f.
2879 1455 4211 1595 In Simili von anligenden Plaichs
2897 1579 4240 1693 hiernischen 1500 f. Capital den lezten
2904 1693 4133 1805 Iunii Verfallene halb Iährige
2913 1802 4236 1924 Interesse mit Siben vnd dreyßig
2915 1923 4076 2044 gulden 4 s d. lauth Quittung
2889 2015 4766 2163 hiebey Idest 37 f. 4 s d.
2873 2268 4185 2405 Den 4. Iulii Zahlte ich Frauen Maria
2917 2402 4192 2507 Elisabeth Klozin hieuor Pallmanin
2924 2497 4213 2610 das von Ihren anligenden 4 f. Capital
2912 2616 4167 2722 den 26. Iunii verfallene halb
2891 2717 4216 2825 Iährige Interesse mit ainhundert
2904 2825 4165 2942 gulden rh. auf Ihr Quittung hiebey
2915 2923 4684 3046 Idest 100 f.
2895 3101 4285 3255 Dan Zahlte ich herrn Friderich Kheringer
3216 3330 4128 3557 Latus 187 f. 4 s d.
