5012 4033
681 505 1994 647 Künder Verordneten Gerhaben das von
695 638 2001 736 der Künder anligenden 1000 f. Capital
703 740 2014 843 den 17 diß verfallene halb Iährige
685 808 1945 957 Interesse mit fünff vnd zwainzig
696 923 1918 1064 gulden rh. ut Quittung hiebey
731 1042 2347 1182 Idest 25 f.
629 1277 1930 1441 Ingleichen Zahlte ich der Anna Kuni
678 1424 1944 1536 gunda Segnitzin das von Ihren anli
688 1527 1961 1654 genden 1 f. Capital den 17. diß
711 1624 1890 1752 verfallene Iahrs Interesse mit
694 1732 1945 1872 funffzig gulden rh. auf Ihr Quit
720 1832 2346 2023 tung hiebey Idest 50 f.
695 2251 1949 2414 Den 19 dito Zahlte ich widerumben
696 2389 1946 2516 vor hochgedacht Ihrer Gnaden herrn
676 2479 1940 2619 Grundeman etc in abschlag der Chaosischen
674 2604 1935 2739 Interesse auf diß Iahr benentlichen
690 2715 1915 2862 aintaußent zwayhundert vnd
683 2807 1953 2983 funffzig gulden rh. Krafft Quittung
673 2908 2343 3106 hiebey Idest 1250 f.
626 3190 1989 3379 Dan Zahlte Ich Frauen Iohanna Susanna
1015 3589 1717 3730 Latus 1325 f.
2979 419 4280 554 Terlingerin gebohrnen Kallinin
3051 555 4320 640 das von denen anligend vnd Ihr Fr.
3036 649 4306 754 Erblich Zuegefallenen Kallinischen 4 f.
3039 761 4255 847 Capital den 8 diß verfallene
3040 854 4307 958 halb Iährige Interesse benentlichen
3035 960 4265 1070 ainhundert gulden rh. auf Ihr
3002 1069 4686 1210 Frauen Quittung hiebey Idest 100 f.
2974 1338 4270 1468 Den 20. Iunii Zahlte ich Fr. Helena
3025 1472 4323 1563 Ester Wideraufin gebohrnen Pallaufin
3027 1573 4288 1664 das von Ihren anligenden 1600 f. Capi
3000 1670 4304 1766 tal den 9. diß verfahlene Iahrs
3019 1772 4256 1874 Interesse mit achtzig gulden rh.
3012 1878 4682 2023 vermög Quittung hiebey Idest 80 f.
2921 2150 4234 2282 Ebenmessig Zahlte Ich frauen Anna
2991 2281 4269 2374 Christina Schreitterin das von Ihren
3036 2381 4241 2469 anligenden 1000 f. Capital den
3017 2478 4210 2574 8. diß verfallene halb Iährige
2982 2584 4242 2684 Interesse mit fünff vnd zwainzig
2996 2687 4221 2802 gulden rh. lauth Quittung hiebey
3008 2804 4687 2929 Idest 25 f
2855 3069 4299 3226 Ingleichen Zahlte ich herrn Iohann Prämer
2961 3224 4203 3337 Grichts beysizern das von seinen
3280 3535 4108 3724 Latus 205 f.
