4976 4028
676 513 2015 647 Den 18 Iulii Zahlte ich h. Nicolao
700 652 2015 740 Wilhelm Peckhers Kay. Leib Medico
700 755 1993 845 vnd der Daniel Rezerischen Künder
686 851 2030 956 Verordneten Gerhaben das von der Künder
716 964 1978 1068 anligenden 500 f. Capital den 16.
710 1080 1970 1180 Maii verfahlene Iahrs Interesse
712 1189 2024 1303 mit Fünff vnd zwainzig gulden
717 1280 2371 1422 rh. vermög Quittung hiebey Idest 25 f.
636 1492 2113 1631 Ingleichen zahlte ich h. Paul Franckhen
702 1640 2025 1735 des Aussern Raths vnd Ober Vattern
718 1750 1973 1854 bey St. Marx das von des armen
700 1857 2010 1961 hauß anligenden 200 f. Capital
723 1971 2011 2083 den 23. Iunii verfallene Iahrs
695 2072 2047 2186 Interesse mit zehen gulden rh. auf
717 2135 2350 2311 sein Quittung hiebey Idest 10 f.
641 2380 2037 2503 Ebenmessig das von denen anligenden
662 2495 2047 2589 160 f. Capital den 24. Maii verfal
708 2592 2092 2687 lene Iahrs Interesse mit acht gulden
727 2661 2369 2814 rh. gegen Quittung hiebey Idest 8 f.
656 2862 2069 3025 In Simili auch das von denen anligenden
709 3020 1998 3122 100 f. Capital den 1. dis verfahlene
698 3127 2089 3240 Iahrs Interesse mit Fünff gulden rh.
691 3200 2367 3375 Krafft Quittung hiebey Idest 5 f.
1040 3503 1789 3670 Latus 48 f.
2844 433 4274 577 Eodem die zahlte ich h. Iohann Molitor
2921 576 4222 673 Leuiten das von denen anligenden Au
2912 665 4266 788 gustin Wagnerischen 300 f. Capital
2922 749 4248 875 den 16 diß verfallene Iahrs Inte
2911 884 4224 991 resse mit Funffzehen gulden rh.
2912 931 4706 1110 Inhalt Quittung hiebey Idest 15 f.
2826 1241 4213 1384 Item Zahlte ich Fr. Rosina Hollerin
2913 1354 4219 1471 Wittib das von ihren anligenden 3 f.
2924 1476 4178 1574 Capital den 15. diß verfallene
2923 1562 4211 1680 halb Iährige Interesse mit Fünff
2928 1661 4160 1781 vnd Sibenzig gulden rh. auf Ihr
2917 1771 4617 1901 Quittung hiebey Idest 75 f.
2872 2022 4250 2178 Gleicher gestalten Zahlte ich Fr. Helena
2905 2163 4231 2270 Ester Wider aufin gebohrner Pal
2897 2283 4202 2371 laufin das von ihren anligenden
2913 2382 4229 2483 164 f. Capital den 16 diß ver
2902 2482 4196 2600 fallene Zwey Iährige Interesse
2924 2597 4229 2701 mit Sechzehen gulden 3 s 6 d.
2914 2674 4819 2833 gegen Quittung hiebey Idest 16 f. 3 s 6 d.
2853 2896 4267 3029 Verrer Zahlte ich Fr. Clara Reißnerin
2920 3027 4251 3134 Wittib das von Ihrer Künder anligenden
2899 3140 4238 3263 4 f. Capital den 14 diß verfallene
3368 3349 4247 3576 Latus 106 f. 3 s 6 d.
