4990 4041
732 551 2388 712 den rh. Crafft Quittung hiebey Idest 75 f.
648 815 2091 969 Gleicher gestalten Zahlte ich dem Kay.
707 975 2062 1070 Professhauß alhie das von denen wegen
714 1069 2069 1183 der Seulen am Hoff Zu erhalttung des
684 1188 2049 1292 Paumöhls angelegten 520 f. Capital
702 1300 2030 1399 den 27. Iunii verfallene Iahrs Inte
694 1404 2050 1498 resse mit Sechs vnd zwainzig gul
703 1428 2387 1624 den rh. Crafft Quitung hiebey Idest 26 f.
651 1722 2064 1877 Dan Zahlte ich herrn Lorentz Rainbacher
724 1877 2058 1975 vnd h. Iohann Prämer beede Grhts
724 1992 2013 2081 beysizer vnd Kirchen Vätter in der
732 2081 1974 2194 LeopoldStatt das von der Kirchen
718 2207 2038 2306 anligenden 400 f. Capital den 28.
697 2312 2021 2416 Iunii diß Iahr verfallene Iahrs
705 2402 2070 2528 Interesse mit zwainzig gulden rh.
731 2508 2360 2663 auf Ihr Quittung hiebey Idest 20 f.
606 2730 2002 2908 Item Zahlte ich der Iungfr. Maria
687 2907 2037 3012 Elisabeth Dieterlin das von Ihren
717 3029 2023 3126 anligenden 1330 f. Capital den 19.
677 3131 2028 3268 Iunii verfallene Iahrs Interesse
1112 3465 1799 3614 Latus 171 f
2950 455 4232 588 mit Sechs vnd Sechzig gulden
2950 593 4253 699 4 s d. gegen Ihrer Quittung hiebey
2937 666 4834 816 Idest 66 f. 4 s d.
2903 905 4232 1044 Den 13 Iulii Zahlte ich h. Andreen
2934 1046 4227 1138 Matthia Wöger das von seinen anli
2912 1136 4233 1243 genden 800 f. Capital den lezten
2905 1245 4202 1345 Iunii verfahlene halb Iährige
2905 1361 4221 1455 Interesse benentlichen zwainzig
2928 1465 4237 1574 gulden rh. Inhalt Quittung hiebey
2947 1562 4674 1680 Idest 20 f.
2890 1763 4256 1902 Den 17 dito Zahlte ich h. Lorenz Habe
2901 1912 4228 2003 reln Thumbherrn das von denen anli
2902 2002 4218 2109 genden Weißpacherischen 200 f. Capi
2894 2102 4250 2220 tal anheunt verfahlene Iahrs Inte
2896 2233 4257 2329 resse benentlichen zehen gulden rh.
2913 2335 4651 2465 lauth Quittung hiebey Idest 10 f.
2845 2551 4198 2677 Ebenmessig Zahlte ich vorgedachten
2881 2672 4261 2771 h. Grattinger das von denen anligend
2917 2774 4188 2884 vnd Zur Zeller Procession gehörigen
2909 2874 4288 2991 300 f. Capital anheunt verfahlene Iahrs
2898 2995 4225 3113 Interesse mit Funffzehen gulden rh.
2883 3100 4591 3246 vermög Quittung hiebey Idest 15 f.
3293 3354 4050 3586 Latus 111 f. 4 s d.
