4985 4044
641 476 1981 608 Künder anligenden 13500 f. Capital
681 614 1913 705 den lezten Maii verfallene halb
640 715 2023 813 Iährige Interesse mit dreyhundert
682 812 1954 938 Siben vnd dreyßig gulden 4 s d.
674 867 2429 1073 Krafft Quittung hiebey Idest 337 f. 4 s d.
634 1226 1889 1368 Gleicher gestalten Zahlte Ich herrn
674 1366 1960 1462 Tobia Pockhen burger vnd Mahlern
690 1472 1908 1564 alhie das von seiner anligenden
670 1566 1960 1672 2 f. Capital den 4. diß verfal
676 1655 1927 1770 lene halb Iahrige Interesse mit
672 1757 1928 1889 fünffzig gulden rh. Inhalt Quit
711 1844 2352 2020 tung hiebey Idest 50 f.
635 2101 1959 2271 Den 15 dito Zahlte Ich herrn Cornelio
675 2218 1920 2383 Zeppenfeldt iezigen beneficiaten
700 2331 1904 2474 der 11 Magdt Stüfft das von denen
702 2436 2005 2572 anligenden vnd Zu ermeltem Stifft
691 2546 1965 2679 gehörigen 200 f. Capital den 25.
701 2634 1900 2791 Maii verfahlene Iahrs Interesse
713 2739 1897 2881 mit zehen gulden rh. lauth
676 2847 2034 3000 Quittung vnd uidimirten Lehenbrieff
679 2958 2273 3127 hiebey Idest 10 f.
611 3158 1900 3365 Den 17. Iunii Zahlte ich Fr. Regina
1021 3529 1857 3723 Latus 397 f. 4 s d.
2963 486 4307 609 Schweizerin gebohrner Wibmerin
3014 619 4306 699 Wittib das von denen bey Gmr. Statt
3008 717 4273 799 anligend vnd Ihr frauen Erblich
2978 815 4299 912 Zuegefahlenen Gabriel Wibmerischen
3012 912 4250 1009 1 f. Capital anheunt verfallene
2984 1008 4318 1113 Iahrs Interesse mit funffzig gul
2988 1121 4665 1245 den rh. Krafft Quittung hiebey Idest 50 f.
2976 1371 4347 1500 Dan Zahlte ich Fr. Catharina Sengaberin
3008 1512 4233 1595 Wittib das von Ihren anligenden
3007 1606 4267 1703 1300 f. Capital anheunt verfallene
2988 1713 4303 1814 Iahrs Interesse benentlichen fünff
2983 1819 4296 1928 vnd Sechzig gulden rh. vermög Quit
2982 1933 4692 2068 tung hiebey Idest 65 f.
2925 2189 4262 2360 Den 18. Iunii Zahlte ich Ihrer Gnaden
2972 2359 4299 2454 herrn Adam Anthonia Grundeman etc
2990 2461 4242 2564 in abschlag der Chaosischen Interesse
2991 2568 4261 2667 auf diß Iahr benentlichen ainhun
2962 2678 4243 2796 dert vnd funffzig gulden rh. lauth
2955 2778 4679 2918 Quittung hiebey Idest 150 f.
2901 3040 4207 3191 Ebenmessig Zahlte herrn Hannß
2991 3186 4299 3330 Christophen Glatz alß der Schmuzerischen
3269 3470 3943 3681 Latus 265 f.
