<?xml version="1.0" encoding="UTF-8" standalone="yes"?>
<PcGts xmlns="http://schema.primaresearch.org/PAGE/gts/pagecontent/2013-07-15">
    <Metadata>
        <Creator>prov=READ-COOP:name=PyLaia@TranskribusPlatform:version=2.27.0:model_id=364005:lm=provided:date=09_07_2025_14:37</Creator>
        <Created>2025-06-11T09:23:44.609+02:00</Created>
        <LastChange>2025-08-29T10:59:52.606+02:00</LastChange>
        <TranskribusMetadata docId="8976478" pageId="98897576" pageNr="160" status="GT" userId="261754" imgUrl="https://files.transkribus.eu/Get?id=CTHAWVWCZHXBPDMOEYAXWUJZ&amp;fileType=view" imageId="82986664"/>
    </Metadata>
    <Page imageFilename="98897576.tif" imageWidth="5016" imageHeight="4036">
        <TextRegion id="region_150164036" custom="readingOrder {index:0;}">
            <Coords points="0,0 2508,0 2508,4036 0,4036"/>
            <TextLine id="tl_1752056886" custom="readingOrder {index:0;}">
                <Coords points="711,568 712,628 785,640 1411,659 2028,657 2038,650 2038,593 2032,585 1973,573 1825,571 1587,552 1408,528 1301,530 1166,554 1105,554 926,533 779,532 718,546"/>
                <Baseline points="711,624 2038,624"/>
                <TextEquiv>
                    <Unicode>des aussern Raths vnd Verwalttern</Unicode>
                </TextEquiv>
            </TextLine>
            <TextLine id="tl_1752056893" custom="readingOrder {index:1;}">
                <Coords points="731,677 732,729 795,739 1051,751 1268,770 1885,770 1937,765 1949,757 1949,712 1943,701 1914,694 1896,685 1829,677 1421,675 1199,664 953,661 753,663 738,666"/>
                <Baseline points="731,742 1949,742"/>
                <TextEquiv>
                    <Unicode>der Anna Königischen Stüfftung</Unicode>
                </TextEquiv>
            </TextLine>
            <TextLine id="tl_1752056884" custom="readingOrder {index:2;}">
                <Coords points="738,780 738,834 741,839 826,850 1201,869 1926,868 1929,861 1929,796 1926,791 1911,787 1480,803 1230,799 1180,793 1114,779 1026,771 789,767 746,771"/>
                <Baseline points="738,842 1929,842"/>
                <TextEquiv>
                    <Unicode>das von denen anligend vnd Zu</Unicode>
                </TextEquiv>
            </TextLine>
            <TextLine id="tl_1752056894" custom="readingOrder {index:3;}">
                <Coords points="729,900 730,940 743,946 888,962 1205,981 1854,981 1897,977 1919,973 1919,928 1901,923 1718,905 1516,901 1394,890 1169,889 1063,883 781,885 738,890 730,895"/>
                <Baseline points="729,955 1905,955"/>
                <TextEquiv>
                    <Unicode>ermelter Stüfftung gehörigen</Unicode>
                </TextEquiv>
            </TextLine>
            <TextLine id="tl_1752056888" custom="readingOrder {index:4;}">
                <Coords points="726,996 727,1055 736,1060 785,1067 1048,1076 1322,1096 1910,1097 1928,1093 1928,1028 1924,1013 1917,1008 1872,999 1379,1003 1172,998 1056,969 744,986 732,988"/>
                <Baseline points="726,1067 1928,1067"/>
                <TextEquiv>
                    <Unicode>800 f. Capital den lezten Iunii</Unicode>
                </TextEquiv>
            </TextLine>
            <TextLine id="tl_1752056908" custom="readingOrder {index:5;}">
                <Coords points="723,1118 723,1161 728,1168 778,1178 870,1187 1113,1191 1320,1206 1965,1205 1970,1199 1968,1123 1952,1118 1717,1124 1402,1110 1188,1106 1059,1097 768,1098 730,1106"/>
                <Baseline points="723,1178 1970,1178"/>
                <TextEquiv>
                    <Unicode>verfahlene 1 ½ Iährige Interesse</Unicode>
                </TextEquiv>
            </TextLine>
            <TextLine id="tl_1752056896" custom="readingOrder {index:6;}">
                <Coords points="726,1215 726,1266 738,1274 1178,1320 1375,1326 1950,1324 1955,1316 1954,1255 1950,1251 1926,1247 1576,1238 1393,1223 1221,1217 1145,1209 1036,1205 748,1204 736,1206"/>
                <Baseline points="726,1294 1955,1294"/>
                <TextEquiv>
                    <Unicode>mit Sechzig gulden rh. vermög</Unicode>
                </TextEquiv>
            </TextLine>
            <TextLine id="tl_1752056883" custom="readingOrder {index:7;}">
                <Coords points="737,1334 738,1393 748,1404 763,1409 980,1435 1229,1447 1544,1455 2170,1454 2304,1437 2329,1424 2364,1415 2373,1400 2370,1361 2357,1344 2313,1323 2288,1317 2170,1319 1953,1345 1824,1354 1464,1334 868,1299 761,1312 741,1317"/>
                <Baseline points="737,1419 2373,1419"/>
                <TextEquiv>
                    <Unicode>Quittung hiebey Idest 60 f</Unicode>
                </TextEquiv>
            </TextLine>
            <TextLine id="tl_1752056869" custom="readingOrder {index:8;}">
                <Coords points="673,1565 674,1632 686,1640 746,1647 1263,1665 1806,1665 1891,1659 1938,1651 1949,1645 1951,1635 1982,1553 1901,1543 1507,1537 1105,1557 1058,1553 1008,1542 984,1529 927,1513 879,1507 778,1506 731,1510 688,1528 677,1540"/>
                <Baseline points="673,1623 1951,1623"/>
                <TextEquiv>
                    <Unicode>Gleicher gestalten Zahlte ich herrn P.</Unicode>
                </TextEquiv>
            </TextLine>
            <TextLine id="tl_1752056879" custom="readingOrder {index:9;}">
                <Coords points="710,1678 710,1733 726,1739 915,1748 1035,1758 1274,1766 1986,1764 2017,1759 2016,1689 1986,1681 1934,1675 1596,1681 1238,1676 806,1638 720,1667"/>
                <Baseline points="710,1738 1998,1738"/>
                <TextEquiv>
                    <Unicode>Ioann Mohrman Priestern das von denen</Unicode>
                </TextEquiv>
            </TextLine>
            <TextLine id="tl_1752056895" custom="readingOrder {index:10;}">
                <Coords points="724,1787 724,1833 733,1839 830,1850 1064,1867 1236,1874 1989,1872 1996,1865 1996,1790 1990,1784 1976,1781 1558,1783 1077,1780 853,1774 746,1778 728,1782"/>
                <Baseline points="724,1849 1996,1849"/>
                <TextEquiv>
                    <Unicode>anligenden vnd Zu seinem Beneficio</Unicode>
                </TextEquiv>
            </TextLine>
            <TextLine id="tl_1752056902" custom="readingOrder {index:11;}">
                <Coords points="711,1896 711,1960 726,1967 771,1971 1350,1985 1961,1985 2024,1984 2026,1899 1978,1894 1959,1890 1534,1889 1360,1895 1199,1885 829,1881 731,1886 715,1890"/>
                <Baseline points="711,1959 1981,1959"/>
                <TextEquiv>
                    <Unicode>gehörigen Vttendorfferischen 2 f.</Unicode>
                </TextEquiv>
            </TextLine>
            <TextLine id="tl_1752056911" custom="readingOrder {index:12;}">
                <Coords points="722,2063 732,2068 787,2074 1071,2086 1199,2098 1387,2106 1921,2107 1986,2106 2005,2102 2005,2019 1992,2012 1974,2009 1484,2002 1236,2003 817,1993 739,1994 723,1999"/>
                <Baseline points="722,2077 1998,2077"/>
                <TextEquiv>
                    <Unicode>Capital den letzten Iunii verfal</Unicode>
                </TextEquiv>
            </TextLine>
            <TextLine id="tl_1752056901" custom="readingOrder {index:13;}">
                <Coords points="703,2116 703,2170 714,2178 783,2186 1119,2209 1951,2210 1970,2206 1975,2195 1990,2144 2004,2110 1954,2132 842,2102 722,2104 708,2108"/>
                <Baseline points="703,2183 1975,2183"/>
                <TextEquiv>
                    <Unicode>lene halb Iährige Interesse mit</Unicode>
                </TextEquiv>
            </TextLine>
            <TextLine id="tl_1752056904" custom="readingOrder {index:14;}">
                <Coords points="715,2294 721,2305 775,2314 998,2337 1272,2348 1953,2348 1966,2343 1963,2248 1955,2242 1903,2235 1415,2234 1318,2224 1111,2219 969,2209 788,2206 725,2210 716,2216"/>
                <Baseline points="715,2311 1966,2311"/>
                <TextEquiv>
                    <Unicode>Funffzig gulden rh. ut Quittung</Unicode>
                </TextEquiv>
            </TextLine>
            <TextLine id="tl_1752056887" custom="readingOrder {index:15;}">
                <Coords points="693,2363 694,2415 707,2427 775,2441 950,2452 1753,2477 2185,2478 2280,2469 2346,2451 2354,2441 2353,2373 2333,2365 2274,2360 2046,2362 1819,2372 1601,2372 1410,2366 1003,2342 775,2337 706,2343 696,2348"/>
                <Baseline points="693,2442 2354,2442"/>
                <TextEquiv>
                    <Unicode>hiebey Idest 50 f.</Unicode>
                </TextEquiv>
            </TextLine>
            <TextLine id="tl_1752056890" custom="readingOrder {index:16;}">
                <Coords points="673,2557 2012,2557 2012,2689 673,2689"/>
                <Baseline points="673,2656 2012,2656"/>
                <TextEquiv>
                    <Unicode>Deßgleichen Zahlte ich herrn Iohann</Unicode>
                </TextEquiv>
            </TextLine>
            <TextLine id="tl_1752056900" custom="readingOrder {index:17;}">
                <Coords points="714,2702 715,2768 754,2774 1197,2792 2000,2806 2011,2802 2004,2715 1998,2709 1985,2706 1648,2707 899,2693 737,2693 720,2696"/>
                <Baseline points="714,2765 2004,2765"/>
                <TextEquiv>
                    <Unicode>Molitor Leuiten vnd Cor Capelan bey</Unicode>
                </TextEquiv>
            </TextLine>
            <TextLine id="tl_1752056889" custom="readingOrder {index:18;}">
                <Coords points="714,2815 714,2871 719,2876 775,2885 884,2890 956,2898 1432,2909 2003,2908 2008,2901 2030,2815 2025,2807 1989,2813 1254,2813 1084,2805 768,2803 725,2807"/>
                <Baseline points="714,2881 2008,2881"/>
                <TextEquiv>
                    <Unicode>St. Stephan die Ihme den letzten</Unicode>
                </TextEquiv>
            </TextLine>
            <TextLine id="tl_1752056909" custom="readingOrder {index:19;}">
                <Coords points="703,2929 704,2997 722,3004 1023,3017 1794,3018 1962,3013 1990,3009 1996,3004 1996,2953 1991,2944 1968,2937 1898,2931 1572,2916 1108,2920 855,2903 826,2899 724,2916 707,2921"/>
                <Baseline points="703,2989 1996,2989"/>
                <TextEquiv>
                    <Unicode>Iunii wegen der Cor Caplaney ver</Unicode>
                </TextEquiv>
            </TextLine>
            <TextLine id="tl_1752056892" custom="readingOrder {index:20;}">
                <Coords points="676,3049 678,3107 691,3112 753,3118 1282,3140 2050,3139 2052,3135 2050,3061 1980,3047 1587,3031 831,3016 715,3036 688,3040"/>
                <Baseline points="676,3111 2052,3111"/>
                <TextEquiv>
                    <Unicode>fallene halb Iährige vier vnd zwain</Unicode>
                </TextEquiv>
            </TextLine>
            <TextLine id="tl_1752056872" custom="readingOrder {index:21;}">
                <Coords points="674,3159 674,3217 679,3233 698,3244 752,3254 1184,3281 1431,3289 1828,3318 2032,3318 2168,3304 2293,3280 2320,3265 2352,3259 2365,3247 2366,3189 2361,3181 2287,3169 1886,3166 1032,3142 722,3143 689,3147"/>
                <Baseline points="674,3274 2366,3274"/>
                <TextEquiv>
                    <Unicode>zig gulden rh. gegen Quittung hiebey Idest 24 f.</Unicode>
                </TextEquiv>
            </TextLine>
            <TextLine id="line_1752064006417_3111" custom="readingOrder {index:22;}">
                <Coords points="997,3510 1142,3413 1348,3405 1383,3414 1436,3435 1506,3449 1569,3447 1652,3431 1685,3433 1708,3438 1716,3444 1723,3466 1723,3630 1715,3636 1683,3638 1389,3637 1139,3615 1051,3610 1007,3559"/>
                <Baseline points="1011,3577 1723,3577"/>
                <TextEquiv>
                    <Unicode>Latus 134 f.</Unicode>
                </TextEquiv>
            </TextLine>
            <TextEquiv>
                <Unicode></Unicode>
            </TextEquiv>
        </TextRegion>
        <TextRegion id="region_250164036" custom="readingOrder {index:1;}">
            <Coords points="2508,0 5016,0 5016,4036 2508,4036"/>
            <TextLine id="tl_1752056868" custom="readingOrder {index:0;}">
                <Coords points="2911,560 2912,604 2926,615 3007,632 3117,639 4199,639 4283,632 4305,623 4305,529 4302,523 4290,520 4220,518 4044,534 3777,520 3505,526 3427,517 3298,485 3266,481 3249,470 3213,461 3204,451 3133,443 3064,451 3052,460 3014,470 2996,488 2965,494 2952,523 2921,537 2914,544"/>
                <Baseline points="2911,590 4305,590"/>
                <TextEquiv>
                    <Unicode>Den 6. Iulii zahlte ich die der Bar</Unicode>
                </TextEquiv>
            </TextLine>
            <TextLine id="tl_1752056874" custom="readingOrder {index:1;}">
                <Coords points="2936,652 4268,652 4268,734 2936,734"/>
                <Baseline points="2936,712 4268,712"/>
                <TextEquiv>
                    <Unicode>bara Straßweidnerin Zur Hey</Unicode>
                </TextEquiv>
            </TextLine>
            <TextLine id="tl_1752056873" custom="readingOrder {index:2;}">
                <Coords points="2941,767 2941,809 2948,815 3009,823 3324,837 4200,836 4210,830 4210,767 4188,760 3882,760 3644,766 3423,752 3170,749 2949,761"/>
                <Baseline points="2941,815 4210,815"/>
                <TextEquiv>
                    <Unicode>raths Steuer angeschaffte acht</Unicode>
                </TextEquiv>
            </TextLine>
            <TextLine id="tl_1752056870" custom="readingOrder {index:3;}">
                <Coords points="2957,851 4263,851 4263,954 2957,954"/>
                <Baseline points="2957,926 4263,926"/>
                <TextEquiv>
                    <Unicode>gulden rh. lauth berathschlagten</Unicode>
                </TextEquiv>
            </TextLine>
            <TextLine id="tl_1752056885" custom="readingOrder {index:4;}">
                <Coords points="4167,995 4162,985 4104,973 3828,966 3424,974 2998,974 2979,977 2973,982 2972,1033 2974,1038 2989,1042 3246,1058 3937,1058 4161,1044 4167,1037"/>
                <Baseline points="2972,1035 4167,1035"/>
                <TextEquiv>
                    <Unicode>anbringen darauf gestelten</Unicode>
                </TextEquiv>
            </TextLine>
            <TextLine id="tl_1752056871" custom="readingOrder {index:5;}">
                <Coords points="2959,1067 4237,1067 4237,1177 2959,1177"/>
                <Baseline points="2959,1148 4237,1148"/>
                <TextEquiv>
                    <Unicode>Quittung vnd attestation hiebey</Unicode>
                </TextEquiv>
            </TextLine>
            <TextLine id="tl_1752056866" custom="readingOrder {index:6;}">
                <Coords points="4696,1272 4696,1238 4688,1220 4650,1207 4623,1178 4552,1172 4253,1165 4130,1202 3981,1213 3679,1217 3064,1207 3001,1211 2985,1216 2980,1225 2981,1247 2989,1256 3076,1271 3699,1279 4113,1306 4458,1305 4641,1291 4687,1282"/>
                <Baseline points="2980,1271 4696,1271"/>
                <TextEquiv>
                    <Unicode>Idest 8 f.</Unicode>
                </TextEquiv>
            </TextLine>
            <TextLine id="tl_1752056891" custom="readingOrder {index:7;}">
                <Coords points="2916,1454 2916,1514 2924,1525 2970,1536 3976,1538 4190,1521 4208,1516 4212,1507 4211,1464 4203,1452 4179,1446 4151,1428 4108,1421 4028,1419 3926,1426 3838,1426 3594,1416 3450,1430 3382,1430 3251,1419 3228,1406 3200,1397 3187,1385 3165,1381 3066,1381 3019,1386 2998,1395 2972,1399 2963,1405 2954,1425 2921,1439"/>
                <Baseline points="2916,1498 4212,1498"/>
                <TextEquiv>
                    <Unicode>Den 11 dito zahlte ich herrn Iohann</Unicode>
                </TextEquiv>
            </TextLine>
            <TextLine id="tl_1752056882" custom="readingOrder {index:8;}">
                <Coords points="4193,1547 4189,1543 4168,1540 3574,1547 3291,1555 2988,1556 2929,1565 2926,1625 2930,1631 2948,1633 3794,1631 3997,1621 4133,1610 4186,1596 4193,1588"/>
                <Baseline points="2926,1609 4193,1609"/>
                <TextEquiv>
                    <Unicode>Iacoben Häckhl N.Ö. Reg. Secret</Unicode>
                </TextEquiv>
            </TextLine>
            <TextLine id="tl_1752056876" custom="readingOrder {index:9;}">
                <Coords points="4246,1655 4228,1647 4169,1638 4031,1636 3588,1657 3010,1662 2942,1677 2938,1684 2938,1732 2949,1738 2991,1742 3941,1742 4229,1722 4246,1719"/>
                <Baseline points="2938,1714 4232,1714"/>
                <TextEquiv>
                    <Unicode>vnd der Geörg Geütterischen Künder</Unicode>
                </TextEquiv>
            </TextLine>
            <TextLine id="tl_1752056898" custom="readingOrder {index:10;}">
                <Coords points="4235,1778 4227,1771 4193,1766 4068,1761 3550,1764 3369,1773 3016,1778 2967,1785 2956,1791 2955,1854 2968,1860 3671,1862 3944,1863 4234,1843 4235,1827"/>
                <Baseline points="2955,1836 4235,1836"/>
                <TextEquiv>
                    <Unicode>verordneten Gerhaben das von denen</Unicode>
                </TextEquiv>
            </TextLine>
            <TextLine id="tl_1752056906" custom="readingOrder {index:11;}">
                <Coords points="4280,1885 4276,1867 4267,1862 4195,1861 3834,1870 3331,1899 3073,1900 2958,1915 2956,1964 2973,1972 3108,1982 3834,1979 4045,1957 4273,1945 4280,1941"/>
                <Baseline points="2956,1951 4280,1951"/>
                <TextEquiv>
                    <Unicode>anligenden Geütterischen 1 f. Capital</Unicode>
                </TextEquiv>
            </TextLine>
            <TextLine id="tl_1752056878" custom="readingOrder {index:12;}">
                <Coords points="4281,1992 4256,1983 4237,1980 4086,1977 3910,1985 3776,1998 3408,2011 3000,2012 2951,2020 2941,2026 2940,2074 2948,2083 3035,2092 3982,2092 4120,2087 4259,2072 4281,2067"/>
                <Baseline points="2940,2061 4263,2061"/>
                <TextEquiv>
                    <Unicode>den 10 diß verfallene halb Iährige</Unicode>
                </TextEquiv>
            </TextLine>
            <TextLine id="tl_1752056875" custom="readingOrder {index:13;}">
                <Coords points="4158,2126 4153,2121 4139,2118 3827,2107 3682,2108 3470,2121 3004,2120 2925,2134 2920,2143 2920,2198 2927,2205 2964,2209 3197,2217 4029,2218 4110,2210 4156,2201"/>
                <Baseline points="2920,2188 4158,2188"/>
                <TextEquiv>
                    <Unicode>Interesse benentlichen Fünff vnd</Unicode>
                </TextEquiv>
            </TextLine>
            <TextLine id="tl_1752056907" custom="readingOrder {index:14;}">
                <Coords points="2911,2227 4204,2227 4204,2334 2911,2334"/>
                <Baseline points="2911,2305 4204,2305"/>
                <TextEquiv>
                    <Unicode>zwainzig gulden rh. Inhalt</Unicode>
                </TextEquiv>
            </TextLine>
            <TextLine id="tl_1752056880" custom="readingOrder {index:15;}">
                <Coords points="2913,2357 2913,2409 2926,2424 3021,2448 3121,2457 4139,2475 4594,2475 4621,2472 4631,2459 4625,2351 4609,2342 4211,2339 4034,2349 3855,2351 2992,2339 2926,2346"/>
                <Baseline points="2913,2441 4631,2441"/>
                <TextEquiv>
                    <Unicode>Quittung hiebey Idest 25 f.</Unicode>
                </TextEquiv>
            </TextLine>
            <TextLine id="tl_1752056881" custom="readingOrder {index:16;} unclear {offset:21;length:18;}">
                <Coords points="4317,2579 4310,2571 4083,2551 4004,2547 3682,2555 3424,2584 3298,2592 3230,2589 3104,2574 3000,2574 2930,2584 2877,2603 2870,2614 2869,2655 2883,2665 2945,2673 3254,2682 3876,2682 4147,2672 4223,2666 4273,2655 4277,2648"/>
                <Baseline points="2869,2646 4277,2646"/>
                <TextEquiv>
                    <Unicode>Ebenmessig Zahlte ich h. P. Christophen</Unicode>
                </TextEquiv>
            </TextLine>
            <TextLine id="line_1752064045966_3136" custom="readingOrder {index:17;}">
                <Coords points="2918,2685 2925,2685 3709,2693 4088,2689 4182,2694 4201,2698 4205,2703 4202,2765 4197,2770 3958,2774 3734,2779 3466,2793 2918,2793"/>
                <Baseline points="2918,2766 4205,2766"/>
                <TextEquiv>
                    <Unicode>Schenckhen Regens im alhießigen</Unicode>
                </TextEquiv>
            </TextLine>
            <TextLine id="tl_1752056899" custom="readingOrder {index:18;}">
                <Coords points="4245,2794 4240,2787 4221,2784 3650,2796 3410,2818 3012,2790 2914,2830 2912,2875 2924,2881 2958,2882 3702,2881 3939,2876 4223,2860 4244,2855"/>
                <Baseline points="2912,2856 4245,2856"/>
                <TextEquiv>
                    <Unicode>Seminario das von des Seminarii anli</Unicode>
                </TextEquiv>
            </TextLine>
            <TextLine id="tl_1752056897" custom="readingOrder {index:19;}">
                <Coords points="4211,2899 4205,2894 4179,2891 3620,2894 3401,2905 2965,2916 2908,2922 2904,2930 2905,2978 2912,2983 2944,2988 3107,2996 3570,2996 3779,2984 4203,2987 4212,2982"/>
                <Baseline points="2904,2969 4211,2969"/>
                <TextEquiv>
                    <Unicode>genden Milserischen 3 f. Capital den</Unicode>
                </TextEquiv>
            </TextLine>
            <TextLine id="tl_1752056905" custom="readingOrder {index:20;}">
                <Coords points="4227,3021 4204,3012 4192,3007 4147,2998 3953,2996 3728,3003 3450,3020 3237,3016 2990,3018 2928,3029 2924,3036 2924,3078 2930,3087 3002,3098 3636,3099 4040,3093 4204,3076 4227,3070"/>
                <Baseline points="2924,3071 4208,3071"/>
                <TextEquiv>
                    <Unicode>letzten Iunii verfahlene halb Iährige</Unicode>
                </TextEquiv>
            </TextLine>
            <TextLine id="tl_1752056877" custom="readingOrder {index:21;}">
                <Coords points="2905,3098 4256,3098 4256,3221 2905,3221"/>
                <Baseline points="2905,3188 4256,3188"/>
                <TextEquiv>
                    <Unicode>Interesse mit Fünff vnd Sibenzig gul</Unicode>
                </TextEquiv>
            </TextLine>
            <TextLine id="line_1752064064906_3149" custom="readingOrder {index:22;}">
                <Coords points="3329,3354 3338,3349 3387,3340 3426,3341 3487,3416 3560,3422 3639,3418 3694,3408 3778,3410 3841,3374 3869,3378 3876,3385 3880,3395 3886,3431 3888,3432 3888,3545 3287,3545 3264,3543 3253,3536 3250,3527 3250,3483 3255,3459 3308,3434 3312,3377"/>
                <Baseline points="3250,3494 3888,3494"/>
                <TextEquiv>
                    <Unicode>Latus 33 f</Unicode>
                </TextEquiv>
            </TextLine>
            <TextEquiv>
                <Unicode></Unicode>
            </TextEquiv>
        </TextRegion>
    </Page>
</PcGts>
