4971 4037
665 505 1923 645 anligenden 3500 f. Capital den
662 623 1877 733 17. diß verfahlene halb Iährige
640 724 1884 834 Interesse benentlichen Siben vnd
663 831 1844 958 achtzig gulden 4 s d. auf sein
682 894 2409 1085 Quittung hiebey Idest 87 f. 4 s d.
619 1289 1959 1447 Den 21. Iunii Zahlte ich herrn Matthia
651 1444 2008 1538 Grättinger des aussern Raths vnd der
662 1542 1944 1648 Hochlöbl. Gotts Leichnambs brueder
647 1660 1916 1755 schafft verordneten Verwaltern das
681 1764 1898 1875 von der bruederschafft anligenden
690 1873 1994 1984 1700 f. Capital anheunt verfallene
664 1981 1960 2099 Iahrs Interesse mit Fünff vnd acht
664 2095 1895 2222 zig gulden rh. Krafft Quittung
691 2213 2310 2362 hiebey Idest 85 f.
625 2513 1981 2653 Den 22 dito Zahlte ich die der Christina
703 2656 1970 2756 Neupawriz zur Heyraths Steuer
699 2762 1994 2884 angeschaffte zwölff gulden auf
709 2887 1917 2985 berathschlagtes anbringen vnd
710 2995 1964 3113 darauf gestelten Quittung hiebey
726 3101 2342 3267 Idest 12 f.
1005 3454 1880 3660 Latus 184 f. 4 s d.
2938 556 4178 687 Den 23 dito Zahlte ich der Bar
2954 692 4170 795 bara Pfaffin vorhero Pergerin
2980 778 4236 894 das von Ihres Söhnls bey Gmr. Statt
2984 893 4175 993 anligenden 300 f. Capital den
2961 981 4224 1094 20 diß verfallene Iahrs Interesse
2961 1100 4227 1211 benentlichen Funffzehen gulden rh.
2954 1189 4549 1347 gegen Quittung hiebey Idest 15 f.
2897 1495 4207 1637 Den 27 dito Zahlte Ich herrn Iohann
2956 1613 4190 1726 Molitor Leuiten bey St. Stephan das
2969 1721 4201 1827 wegen der Sambßtägigen Litaney
2971 1832 4181 1940 am Hoff denen herrn Leuiten den
2963 1931 4143 2047 24. diß verfahlene Iahrs Inte
2943 2044 4143 2149 resse mit Funffzig gulden rh.
2942 2133 4556 2275 vermög Quittung hiebey Idest 50 f.
2812 2420 4085 2586 Ingleichen Zahlte ich Ihme herrn
2921 2580 4160 2674 Molitor das von denen anligenden
2927 2678 4128 2784 Garberischen 750 f. Capital den
2925 2776 4173 2893 22 diß verfallene halb Iährige
2905 2896 4182 2999 Interesse mit achtzehen gulden
2915 2964 4738 3127 6 s d. ut Quittung hiebey Idest 18 f 6 s d.
3344 3277 4172 3601 Latus 83 f. 6 s d.
