4945 4023
738 546 2057 663 alhie das von der Kirchen anligen
698 663 2077 760 den 1400 f. Capital den 24 diß
729 768 2039 857 verfallene Iahrs Interesse mit
732 860 2044 968 Sibenzig gulden rh. lauth Quit
715 933 2373 1080 tung hiebey Idest 70 f.
620 1196 2071 1360 In Simili von 150 f. Capital den 24.
748 1359 2026 1454 diß verfallene Iahrs Interesse
767 1458 2058 1569 mit Siben gulden 4 s d. ut Quit
744 1533 2409 1693 tung hiebey Idest 7 f. 4 s
666 1856 2055 2033 Gleicher gestalten Zahlte ich mehr
742 2036 2095 2148 wohlgedachtem herrn Grundeman etc
756 2145 2073 2248 in abschlag der Chaosischen Interesse
738 2228 2048 2377 auf diß Iahr benentlichen Fünff
728 2342 2075 2503 hundert gulden rh. Krafft Quit
750 2464 2354 2632 tung hiebey Idest 500 f.
698 2760 2080 2910 Dan stelle ich auf gegenwertige Quit
756 2899 2096 3013 tung das mir von meinen bey Gmr. Statt
767 3003 2037 3121 anligenden 1600 f. Capital den
761 3110 2091 3251 28. diß verfallene Iahrs Interesse
1159 3495 2086 3678 Latus 577 f. 4 s d.
2935 464 4192 601 mit achtzig gulden rh. per Auß
2927 602 4642 748 gab ein Idest 80 f.
2814 917 4201 1067 Eodem die zahlte ich Fr. Catharina Poli
2882 1062 4213 1153 pena Burgerin gebohrnen Schludnig
2896 1153 4226 1243 gin das von Ihren anligenden 5600 f.
2911 1240 4225 1343 Capital anheunt verfallene halb
2900 1345 4195 1446 Iährige Interesse mit ainhundert
2921 1451 4135 1556 vnd vierzig gulden rh. gegen
2905 1528 4610 1694 Quittung hiebey Idest 140 f.
2806 1848 4291 2005 Item Zahlte ich herrn Augustin Hierneyß
2894 1999 4221 2094 das von seinen anligenden 1 f. Capital
2900 2093 4191 2197 den 26. diß verfallene Iahrs In
2872 2196 4182 2301 teresse mit Funffzig gulden rh.
2860 2290 4595 2431 Inhalt Quittung hiebey Idest 50 f.
2845 2567 4190 2720 Den 1. Iulii Zahlte ich herrn Paul de
2894 2720 4153 2822 Sorbait Med. Dr. vnd der Franz Eme
2868 2831 4189 2937 rischen Stüfftung verordneten Superin
2866 2951 4184 3048 tendenten das von denen anligend
2892 3063 4140 3192 vnd Zu ermeltem Stüfft gehörigen
3156 3349 3848 3555 Latus 270 f.
