4977 4019
681 769 2165 917 schafft anheünt Verfallene Monnats
709 918 2144 1038 Bsoldung mit Ainhundert Vier
718 1035 2131 1171 vnd Neünzig gulden rh. laut
715 1105 2413 1308 geferttigter Roll hiebey Idest 194 f -
715 1382 2045 1534 Dann Zalte Ich dem Christophen
721 1513 2155 1644 thumber todentzetlschreibern die Ihme
732 1642 2076 1752 wegen der Armen so das schreibgeldt
730 1760 2120 1864 nicht Zu entrichten Vermögen an
709 1881 2033 1999 heünt auf ½ Iahr Verfallene
705 2000 2081 2134 Funfzehen gulden Innhalt
710 2089 2410 2264 Quittung hiebey Idest 15 f " -
720 2322 2126 2469 Den Ersten Octob. Zalte Ich herrn
703 2461 2195 2582 Iohann Iacob V. Rosenhaimb Kay.
708 2588 2141 2707 Statt Anwaldt in abschlag der Ihme
720 2708 2162 2842 Herrn auf diß Iahr fallenden Raths
712 2840 2087 2962 Recompens benentlichen Fünf
745 2969 2143 3093 vnd Sibenzig gulden Vermög
777 3007 2410 3217 Quittung hiebey Idest 75 f " -
861 3310 2079 3537 Latus 284 f - " - "
2871 587 4249 828 Dito Zalte Ich herrn Matthia händler
2865 819 4243 935 deß Aussern Raths vnd Gmr. Statt
2863 945 4288 1058 Buechhaltern sein angestern Verfallene
2854 1058 4269 1174 Quartalls bsoldung mit Ainhundert
2858 1187 4268 1307 Funf vnd Zwainzig gulden rh.
2857 1300 4703 1439 Crafft Quittung hiebey Idest 125 f " - "
2873 1487 4266 1631 Ingleichen zalte Ich herrn Martin Lein
2861 1640 4188 1739 bater Buechhalterey Verwahnten
2875 1741 4197 1841 sein angestern Verfallene Quartals
2867 1836 4229 1951 bsoldung mit Fünf vnd Sibenzig
2848 1957 4155 2080 gulden rh. laut Quittung hiebey
2926 2041 4699 2176 Idest 75 f " - "
2905 2184 4272 2314 Den 8. dito Zalte Ich herrn Iohann Carl
2893 2310 4281 2427 Landtrachtinger deß Kay. Statt ghrts
2885 2422 4238 2539 beysizern an der Ihme auf diß Iahr
2870 2539 4184 2662 gebührenten beysizers Bsoldung über
2857 2655 4274 2768 hieuor auf Zwaymahl erhebte 100 f -
2845 2782 4226 2894 abermahlen Funfzig gulden auf
2868 2877 4658 3034 sein Quittung hiebey Idest 50 f " - "
3046 3131 4129 3386 Latus 250 f " - "
