<?xml version="1.0" encoding="UTF-8" standalone="yes"?>
<PcGts xmlns="http://schema.primaresearch.org/PAGE/gts/pagecontent/2013-07-15">
    <Metadata>
        <Creator>prov=READ-COOP:name=PyLaia@TranskribusPlatform:version=2.27.0:model_id=364005:lm=provided:date=10_07_2025_12:34</Creator>
        <Created>2025-06-11T09:34:58.774+02:00</Created>
        <LastChange>2025-08-29T10:24:37.889+02:00</LastChange>
        <TranskribusMetadata docId="8976757" pageId="98899817" pageNr="256" status="GT" userId="261754" imgUrl="https://files.transkribus.eu/Get?id=ZMPLFCREFBBLORZDOWDHDVBE&amp;fileType=view" imageId="82988889"/>
    </Metadata>
    <Page imageFilename="98899817.tif" imageWidth="4930" imageHeight="4004">
        <TextRegion id="region_149304004" custom="readingOrder {index:0;}">
            <Coords points="0,0 2465,0 2465,4004 0,4004"/>
            <TextLine id="tl_1752142477" custom="readingOrder {index:0;}">
                <Coords points="768,780 2046,780 2046,938 768,938"/>
                <Baseline points="768,897 2046,897"/>
                <TextEquiv>
                    <Unicode>Dreyssig gulden rh. laut</Unicode>
                </TextEquiv>
            </TextLine>
            <TextLine id="tl_1752142467" custom="readingOrder {index:1;}">
                <Coords points="2373,902 2369,888 2361,868 2293,867 2172,895 2124,910 2015,932 1797,946 1222,946 966,939 814,942 792,953 791,1033 794,1042 804,1046 907,1048 1686,1046 2069,1035 2139,1026 2295,994 2359,973 2372,958"/>
                <Baseline points="791,1004 2373,1004"/>
                <TextEquiv>
                    <Unicode>Quittung hiebey Idest 30 f " -</Unicode>
                </TextEquiv>
            </TextLine>
            <TextLine id="tl_1752142497" custom="readingOrder {index:2;}">
                <Coords points="2131,1092 2127,1083 2116,1077 2029,1076 1621,1092 1377,1110 1195,1118 1090,1119 829,1111 765,1130 759,1136 757,1212 780,1221 859,1224 1815,1225 2053,1219 2113,1206 2129,1195"/>
                <Baseline points="757,1187 2131,1187"/>
                <TextEquiv>
                    <Unicode>Den 20. dito Zalte Ich dem Matthia</Unicode>
                </TextEquiv>
            </TextLine>
            <TextLine id="tl_1752142503" custom="readingOrder {index:3;} unclear {offset:4;length:5;}">
                <Coords points="731,1236 2079,1236 2079,1344 731,1344"/>
                <Baseline points="731,1317 2079,1317"/>
                <TextEquiv>
                    <Unicode>Adam Peikhardt Gmr. Statt</Unicode>
                </TextEquiv>
            </TextLine>
            <TextLine id="tl_1752142492" custom="readingOrder {index:4;}">
                <Coords points="724,1359 2144,1359 2144,1463 724,1463"/>
                <Baseline points="724,1437 2144,1437"/>
                <TextEquiv>
                    <Unicode>Canzley Verwahnten sein den 15.ten</Unicode>
                </TextEquiv>
            </TextLine>
            <TextLine id="tl_1752142501" custom="readingOrder {index:5;}">
                <Coords points="716,1470 2120,1470 2120,1583 716,1583"/>
                <Baseline points="716,1554 2120,1554"/>
                <TextEquiv>
                    <Unicode>diß verfallene Quartalls bsoldung</Unicode>
                </TextEquiv>
            </TextLine>
            <TextLine id="tl_1752142487" custom="readingOrder {index:6;}">
                <Coords points="714,1595 2152,1595 2152,1718 714,1718"/>
                <Baseline points="714,1685 2152,1685"/>
                <TextEquiv>
                    <Unicode>mit Zway vnd Sechzig gulden</Unicode>
                </TextEquiv>
            </TextLine>
            <TextLine id="tl_1752142490" custom="readingOrder {index:7;}">
                <Coords points="2357,1683 2352,1669 2321,1662 2253,1677 2225,1698 2195,1705 2168,1723 2016,1738 1674,1744 1407,1730 762,1733 742,1738 734,1746 733,1828 744,1846 780,1849 1516,1847 2028,1835 2127,1828 2231,1811 2285,1796 2311,1779 2347,1769 2357,1752"/>
                <Baseline points="733,1800 2357,1800"/>
                <TextEquiv>
                    <Unicode>4 s. gegen Quittung hiebey Idest 62 f 4</Unicode>
                </TextEquiv>
            </TextLine>
            <TextLine id="tl_1752142502" custom="readingOrder {index:8;}">
                <Coords points="723,1892 2156,1892 2156,2040 723,2040"/>
                <Baseline points="723,2003 2156,2003"/>
                <TextEquiv>
                    <Unicode>Den 27. dito Zalte Ich herrn Huberto</Unicode>
                </TextEquiv>
            </TextLine>
            <TextLine id="tl_1752142498" custom="readingOrder {index:9;} unclear {offset:14;length:10;}">
                <Coords points="725,2052 727,2125 743,2130 842,2139 1048,2145 2083,2144 2092,2136 2092,2075 2068,2067 1098,2045 748,2042 730,2045"/>
                <Baseline points="725,2117 2092,2117"/>
                <TextEquiv>
                    <Unicode>von der Haydn Med.a Dr.n vnd</Unicode>
                </TextEquiv>
            </TextLine>
            <TextLine id="tl_1752142493" custom="readingOrder {index:10;}">
                <Coords points="725,2150 2141,2150 2141,2250 725,2250"/>
                <Baseline points="725,2225 2141,2225"/>
                <TextEquiv>
                    <Unicode>Mag. Sanitatis in dem Lazaret die</Unicode>
                </TextEquiv>
            </TextLine>
            <TextLine id="tl_1752142489" custom="readingOrder {index:11;}">
                <Coords points="734,2263 2113,2263 2113,2366 734,2366"/>
                <Baseline points="734,2338 2113,2338"/>
                <TextEquiv>
                    <Unicode>ihme angestern Verfallene Quar</Unicode>
                </TextEquiv>
            </TextLine>
            <TextLine id="tl_1752142496" custom="readingOrder {index:12;}">
                <Coords points="701,2374 2131,2374 2131,2493 701,2493"/>
                <Baseline points="701,2461 2131,2461"/>
                <TextEquiv>
                    <Unicode>talls bstallung mit Funfzig gulden</Unicode>
                </TextEquiv>
            </TextLine>
            <TextLine id="tl_1752142485" custom="readingOrder {index:13;}">
                <Coords points="2360,2473 2353,2451 2328,2446 2266,2459 2170,2497 2101,2510 1826,2528 1565,2526 1397,2514 1020,2501 794,2506 736,2515 724,2524 722,2598 725,2611 745,2621 914,2634 1897,2635 2006,2629 2117,2614 2292,2575 2310,2557 2355,2538"/>
                <Baseline points="722,2587 2360,2587"/>
                <TextEquiv>
                    <Unicode>ut Quittung hiebey Idest 50 f " -</Unicode>
                </TextEquiv>
            </TextLine>
            <TextLine id="tl_1752142479" custom="readingOrder {index:14;}">
                <Coords points="2168,2697 2163,2690 2143,2685 2025,2689 1888,2704 1811,2707 1373,2698 1073,2706 825,2695 751,2709 734,2734 701,2747 692,2765 691,2810 698,2821 743,2828 912,2834 1969,2834 2090,2830 2165,2810 2169,2782"/>
                <Baseline points="691,2796 2169,2796"/>
                <TextEquiv>
                    <Unicode>Dito zalte Ich dem Alexander Augustin</Unicode>
                </TextEquiv>
            </TextLine>
            <TextLine id="tl_1752142470" custom="readingOrder {index:15;}">
                <Coords points="656,2839 2158,2839 2158,2958 656,2958"/>
                <Baseline points="656,2926 2158,2926"/>
                <TextEquiv>
                    <Unicode>de Grandi Gmr. Statt Canzley Ver</Unicode>
                </TextEquiv>
            </TextLine>
            <TextLine id="tl_1752142499" custom="readingOrder {index:16;}">
                <Coords points="2069,2971 2058,2964 2026,2961 1724,2962 1174,2984 911,2980 776,2985 708,2994 704,3001 704,3056 707,3064 769,3073 2051,3073 2069,3066"/>
                <Baseline points="704,3045 2069,3045"/>
                <TextEquiv>
                    <Unicode>wahnten sein anheünt Verfallene</Unicode>
                </TextEquiv>
            </TextLine>
            <TextLine id="tl_1752142471" custom="readingOrder {index:17;}">
                <Coords points="748,3087 2107,3087 2107,3241 748,3241"/>
                <Baseline points="748,3201 2107,3201"/>
                <TextEquiv>
                    <Unicode>Quartalls bsoldung mit Zway</Unicode>
                </TextEquiv>
            </TextLine>
            <TextLine id="tl_1752142504" custom="readingOrder {index:18;}">
                <Coords points="683,3571 869,3585 884,3590 1701,3654 1751,3645 1813,3623 1842,3603 1892,3584 1965,3563 2026,3552 2085,3525 2089,3499 2081,3468 2046,3447 2026,3422 2002,3404 1987,3378 1984,3361 1961,3347 1902,3348 1834,3361 1786,3377 1764,3393 1647,3435 1580,3447 1484,3448 708,3378"/>
                <Baseline points="612,3588 2089,3588"/>
                <TextEquiv>
                    <Unicode>Latus 142 f 4 s " - "</Unicode>
                </TextEquiv>
            </TextLine>
            <TextEquiv>
                <Unicode></Unicode>
            </TextEquiv>
        </TextRegion>
        <TextRegion id="region_249304004" custom="readingOrder {index:1;}">
            <Coords points="2465,0 4930,0 4930,4004 2465,4004"/>
            <TextLine id="tl_1752142482" custom="readingOrder {index:0;}">
                <Coords points="2803,790 2815,801 2870,808 3121,815 4047,814 4117,807 4136,791 4164,778 4171,754 4170,700 4162,696 4127,693 3909,707 3789,707 3654,696 3521,679 3408,672 3273,651 3214,650 3126,656 3061,666 2986,690 2811,721 2803,731"/>
                <Baseline points="2803,773 4171,773"/>
                <TextEquiv>
                    <Unicode>vnd Sechzig Gulden 4 s. auf</Unicode>
                </TextEquiv>
            </TextLine>
            <TextLine id="tl_1752142468" custom="readingOrder {index:1;}">
                <Coords points="4704,860 4700,841 4687,832 4617,814 4551,810 4266,812 3864,828 3076,823 2883,839 2868,850 2864,914 2872,931 2889,937 2995,945 4675,948 4703,938"/>
                <Baseline points="2864,912 4704,912"/>
                <TextEquiv>
                    <Unicode>sein Quittung hiebey Idest 62 f 4 s " - "</Unicode>
                </TextEquiv>
            </TextLine>
            <TextLine id="tl_1752142476" custom="readingOrder {index:2;}">
                <Coords points="2784,992 4026,992 4026,1136 2784,1136"/>
                <Baseline points="2784,1100 4026,1100"/>
                <TextEquiv>
                    <Unicode>Ingleichen Zalte Ich denen Aufsehern</Unicode>
                </TextEquiv>
            </TextLine>
            <TextLine id="tl_1752142495" custom="readingOrder {index:3;}">
                <Coords points="2782,1139 4154,1139 4154,1242 2782,1242"/>
                <Baseline points="2782,1214 4154,1214"/>
                <TextEquiv>
                    <Unicode>Vnter denen Statthorn ihre an</Unicode>
                </TextEquiv>
            </TextLine>
            <TextLine id="tl_1752142486" custom="readingOrder {index:4;}">
                <Coords points="2766,1249 4145,1249 4145,1353 2766,1353"/>
                <Baseline points="2766,1327 4145,1327"/>
                <TextEquiv>
                    <Unicode>heünt Verfallene Vier Wochentliche</Unicode>
                </TextEquiv>
            </TextLine>
            <TextLine id="tl_1752142480" custom="readingOrder {index:5;}">
                <Coords points="2795,1401 2797,1458 2815,1464 2862,1467 4153,1465 4154,1451 4153,1387 4147,1381 4093,1373 3926,1364 3444,1356 3220,1367 3003,1368 2852,1381 2804,1392"/>
                <Baseline points="2795,1437 4154,1437"/>
                <TextEquiv>
                    <Unicode>bsoldung mit Sechs vnd Funfzig</Unicode>
                </TextEquiv>
            </TextLine>
            <TextLine id="tl_1752142483" custom="readingOrder {index:6;}">
                <Coords points="2791,1471 4109,1471 4109,1610 2791,1610"/>
                <Baseline points="2791,1573 4109,1573"/>
                <TextEquiv>
                    <Unicode>gulden Inhalt Zwayer Quittungen</Unicode>
                </TextEquiv>
            </TextLine>
            <TextLine id="tl_1752142474" custom="readingOrder {index:7;}">
                <Coords points="4583,1587 4576,1576 4560,1573 4358,1574 4169,1586 4004,1607 3682,1619 2853,1623 2830,1627 2821,1635 2820,1693 2829,1702 2848,1706 3461,1710 3997,1721 4255,1721 4503,1707 4578,1692 4584,1677"/>
                <Baseline points="2820,1684 4584,1684"/>
                <TextEquiv>
                    <Unicode>hiebey Idest 56 f " - "</Unicode>
                </TextEquiv>
            </TextLine>
            <TextLine id="tl_1752142484" custom="readingOrder {index:8;}">
                <Coords points="2810,1763 4173,1769 4173,1927 2810,1921"/>
                <Baseline points="2810,1880 4154,1880"/>
                <TextEquiv>
                    <Unicode>Dan Zalte Ich denen Bedlsündts aufsehern</Unicode>
                </TextEquiv>
            </TextLine>
            <TextLine id="tl_1752142491" custom="readingOrder {index:9;}">
                <Coords points="2811,1927 4179,1927 4179,2036 2811,2036"/>
                <Baseline points="2811,2008 4179,2008"/>
                <TextEquiv>
                    <Unicode>in der Statt ihre anheünt verfallene</Unicode>
                </TextEquiv>
            </TextLine>
            <TextLine id="tl_1752142478" custom="readingOrder {index:10;}">
                <Coords points="4154,2059 4149,2050 4131,2045 4017,2040 3394,2048 2868,2067 2817,2072 2804,2078 2804,2145 2817,2154 2876,2161 3488,2161 4148,2142 4154,2137"/>
                <Baseline points="2804,2130 4154,2130"/>
                <TextEquiv>
                    <Unicode>Vier Wochentliche bsoldung mit Vier</Unicode>
                </TextEquiv>
            </TextLine>
            <TextLine id="tl_1752142481" custom="readingOrder {index:11;}">
                <Coords points="2794,2166 4150,2166 4150,2288 2794,2288"/>
                <Baseline points="2794,2256 4150,2256"/>
                <TextEquiv>
                    <Unicode>zig gulden rh. Vermög Zwayer</Unicode>
                </TextEquiv>
            </TextLine>
            <TextLine id="tl_1752142472" custom="readingOrder {index:12;}">
                <Coords points="4596,2298 4577,2287 4128,2292 3712,2312 2889,2311 2810,2324 2804,2337 2803,2378 2807,2396 2826,2404 3092,2428 4439,2428 4532,2421 4588,2407 4596,2393"/>
                <Baseline points="2803,2392 4596,2392"/>
                <TextEquiv>
                    <Unicode>Quittungen hiebey Idest 40 f " - "</Unicode>
                </TextEquiv>
            </TextLine>
            <TextLine id="tl_1752142475" custom="readingOrder {index:13;}">
                <Coords points="4064,2494 4059,2478 4020,2471 3714,2470 3367,2483 3307,2489 3232,2508 3177,2515 3075,2515 2994,2503 2903,2503 2844,2517 2835,2523 2827,2541 2796,2551 2789,2562 2788,2615 2794,2625 3588,2627 3907,2609 4060,2591 4065,2576"/>
                <Baseline points="2788,2587 4065,2587"/>
                <TextEquiv>
                    <Unicode>Den 28. dito Zalte Ich herrn Iohann</Unicode>
                </TextEquiv>
            </TextLine>
            <TextLine id="tl_1752142500" custom="readingOrder {index:14;} unclear {offset:19;length:10;}">
                <Coords points="4093,2630 4085,2625 3992,2619 3731,2623 3466,2640 2845,2652 2785,2661 2774,2667 2772,2727 2774,2734 3454,2736 3942,2718 4035,2709 4088,2692 4095,2680"/>
                <Baseline points="2772,2706 4095,2706"/>
                <TextEquiv>
                    <Unicode>Gabriel Gallermayr Med.a Dr.n</Unicode>
                </TextEquiv>
            </TextLine>
            <TextLine id="tl_1752142494" custom="readingOrder {index:15;}">
                <Coords points="4159,2756 4156,2750 4146,2746 4103,2743 3636,2742 2943,2761 2856,2767 2799,2778 2790,2786 2789,2827 2799,2837 2879,2846 3477,2846 4137,2823 4159,2816"/>
                <Baseline points="2789,2820 4159,2820"/>
                <TextEquiv>
                    <Unicode>vnd Mag. Sanitatis in der Statt sein</Unicode>
                </TextEquiv>
            </TextLine>
            <TextLine id="tl_1752142469" custom="readingOrder {index:16;}">
                <Coords points="4210,2854 4206,2848 4181,2844 4052,2840 3687,2843 3546,2848 3282,2867 2970,2877 2867,2886 2814,2897 2806,2908 2807,2956 3456,2958 4204,2947 4210,2941"/>
                <Baseline points="2806,2927 4210,2927"/>
                <TextEquiv>
                    <Unicode>anheünt verfallene Quartalls bstal</Unicode>
                </TextEquiv>
            </TextLine>
            <TextLine id="tl_1752142473" custom="readingOrder {index:17;}">
                <Coords points="4203,2995 4196,2981 4146,2970 4034,2963 3502,2964 3151,2975 2920,2986 2811,3001 2799,3006 2796,3012 2796,3052 2806,3065 2864,3080 2991,3089 3364,3099 3989,3099 4133,3090 4191,3077 4202,3066"/>
                <Baseline points="2796,3065 4203,3065"/>
                <TextEquiv>
                    <Unicode>lung mit Siben vnd Dreyßig</Unicode>
                </TextEquiv>
            </TextLine>
            <TextLine id="line_1752143079496_278" custom="readingOrder {index:18;}">
                <Coords points="2843,3251 3485,3276 3766,3265 3832,3253 3961,3218 4027,3207 4085,3211 4102,3223 4111,3284 4156,3316 4158,3407 4117,3421 3884,3461 3603,3464 3551,3471 3024,3439 2964,3434 2852,3442"/>
                <Baseline points="2852,3426 4158,3426"/>
                <TextEquiv>
                    <Unicode>Latus 158 f 4 s " - "</Unicode>
                </TextEquiv>
            </TextLine>
            <TextEquiv>
                <Unicode></Unicode>
            </TextEquiv>
        </TextRegion>
    </Page>
</PcGts>
