4950 4023
741 786 2122 945 gulden rh. 4 s. Crafft Quittung
746 876 2374 1056 hiebey Idest 37 f 4 s
650 1108 2152 1263 Den lezten dito Zalte Ich dem Geörgen
721 1266 2127 1376 Raab Rumor Haubtman die für
708 1390 2104 1498 Ihm vnd seine Vnderhabente Mann
694 1506 2112 1622 schafft anheünt verfallene Monnat
713 1623 2126 1735 liche bsoldung mit Zwayhundert
711 1745 2164 1879 gulden rh. laut geferttigter Roll hiebey
749 1810 2360 1961 Idest 200 f " -
720 1974 2157 2124 Den 3. Septemb. zalte Ich herrn Franzen
731 2120 2133 2236 Schreyer deß aussern Raths vnd Gmr.
734 2236 2097 2337 Statt Secretario die Ihme den lezten
713 2356 2050 2478 Aug. auf ¼ Iahr Verfallene Vnter
702 2488 2100 2614 schidliche Deputata mit Ainhun
723 2627 2127 2752 dert Zway vnd Funfzig gulden
740 2688 2358 2901 4 s. Inhalt Quittung hiebey Idest 125 f
708 2965 2143 3125 Den 19 dito Zalte Ich dem Paul Hecher
695 3119 2140 3258 Gmr. Statt Sollicitatori sein an
726 3370 2071 3635 Latus 390 f - " - "
2790 660 4200 817 heünt verfallene Quartalls bsoldung
2837 821 4163 941 mit Fünf vnd Sibenzig gulden
2828 957 4646 1104 Vermög Quittung hiebey Idest 75 f " - "
2819 1129 4263 1277 Den 21. dito Zalte Ich dem Iohann Alban
2788 1284 4172 1399 Hoffmayr Gmr. Statt Canzley Ver
2792 1407 4130 1503 wahnten sein den 18. diß Verfallene
2819 1512 4156 1621 Quartalls bsoldung mit Zway vnd
2803 1635 4182 1773 Sechzig Gulden 4. s. Crafft Quitt.
2782 1771 4740 1916 hiebey Idest 62 f 4 s - "
2832 1954 4172 2099 Den 24 dito Zalte Ich denen auf sehern
2829 2103 4127 2209 Vnter denen Statthorn die Ihnen
2808 2216 4159 2334 anheünt Verfallene Vier Wochentliche
2805 2345 4130 2461 bsoldung mit Sechs vnd Funfzig
2804 2470 4211 2598 gulden rh. auf ihre Zway Quitt.
2765 2580 4645 2721 hiebey Idest 56 f " - "
2798 2764 4070 2912 Ingleichen zalte Ich denen Aufsehern
2791 2916 4148 3039 in der Statt ihre anheünt ver
2776 3166 4154 3444 Latus 193 f 4 s -
