5005 4022
763 599 2143 892 Dito Zalte Ich Frauen Anna Elisabetha
720 887 2089 1002 Schreyerin Vorhero Ennßpaumin die
703 1009 2132 1116 ihrem Verstorbenen Eheherrn Iohann
679 1127 2119 1242 Franzen Ennßpaumb gewesten Kay.
679 1243 2139 1363 Statt ghrts beysizern see. Vom Ersten
708 1371 2060 1480 Ianuarii biß 21. Aprilis Anno 1684
700 1486 2121 1596 auf 3. Monnat 21. täg ruckhstendig
714 1602 2139 1709 verblibene beysizers bsoldung mit
704 1729 2164 1850 Sechzig gulden 5 s. 10 d. Crafft
746 1856 2072 1960 Quittung Vidimirten testaments
712 1979 2061 2109 Extract hiebey vnd der bey 684.
714 2111 2047 2229 Iährigen Mengls Erleütterung
712 2229 2141 2344 hub litt. E. F. darzue dienlichen
744 2274 2412 2476 Notturfften Idest 60 f. 5 s
722 2547 2093 2714 Den 12 dito Zalte Ich dem Iacoben
742 2713 2098 2835 Schwärzl OberCamer Ambts Re
694 2846 2141 2962 manenzern sein den 11. diß Ver
704 2979 2058 3114 fallene Quartalls bsoldung mit
1128 3209 1710 3448 Latus per Se.
2889 641 4236 824 Funfzig gulden rh. laut Quittung
2881 804 4659 949 hiebey Idest 50 f " - "
2915 994 4212 1126 Den 19. dito Zalte Ich dem Matthia
2887 1128 4312 1238 Adam Peickhardt Gmr. Statt Canzellisten
2895 1244 4284 1354 sein den 15. diß Verfallene Quartalls
2899 1352 4252 1466 bsoldung mit Zway vnd Sechzig
2887 1473 4180 1600 gulden rh. 4 s. gegen Quittung
2895 1565 4765 1721 hiebey Idest 62 f 4 s " - "
2925 1746 4182 1907 Dito Zalte Ich denen Aufsehern Vnter
2884 1896 4247 2016 denen Stattthorn ihre anheünt Ver
2853 2007 4180 2135 fallene Vier Wochentliche Bsoldung
2876 2142 4227 2273 mit Sechs vnd Funfzig gulden
2882 2268 4639 2426 auf Zway Quittungen hiebey Idest 56 f " - "
2825 2483 4259 2661 Auch Zalte Ich denen Bedl gsündts auf
2877 2648 4198 2763 sehern in der Statt ihre anheünt
2894 2765 4221 2888 Verfallene Vier Wochentliche Bsoldung
2886 2905 4202 3052 mit Vierzig Gulden rh. - " ut
3114 3116 4226 3356 Latus 168 f. 4 s - "
