4993 4022
689 693 2009 895 Item Zalte Ich dem Iohann Adam
676 879 2019 1012 töbel buchhalterey Verwahnten
703 1017 2101 1122 sein anheünt Verfallene Quartalls
707 1122 2113 1247 Bsoldung mit Fünf vnd Sibenzig
694 1235 2134 1375 gulden rh. Vermög Quittung hiebey
786 1343 2396 1474 Idest 75 f " -
718 1491 2128 1633 Dan zalte Ich dem Reinhardt Ring
699 1635 2042 1757 mayr Buchhalterey Verwahnten
708 1771 2071 1874 sein anheünt Verfallene Quartalls
711 1874 2059 2000 Bsoldung mit Fünf vnd Sibenzig
702 1989 2403 2160 gulden Crafft Quittung hiebey Idest 75 f " - "
687 2250 2049 2387 Ebenmessig Zalte Ich herrn Iohann
700 2381 2036 2491 Nicolao Schueman deß Aussern
718 2495 2088 2619 Raths vnd Grundtbuechshandlern
722 2630 2058 2741 sein anheünt Verfallene Quar
662 2741 2148 2879 talls Bsoldung mit Funfzig gul
719 2814 2413 3027 den rh. laut Quittung hiebey Idest 50 f " -
600 3052 2149 3250 Auch zalte Ich dem Christian Fremer
646 3346 1895 3579 Latus 200 f " - "
2868 675 4286 828 Grundtbuechshandlern sein anheünt
2885 826 4170 931 Verfallene Quartals bsoldung
2895 939 4315 1078 mit Funfzig gulden gegen Quitt.
2858 1074 4730 1204 hiebey Idest 50 f " - "
2872 1238 4088 1382 Ingleichen den Michael Hürstel
2857 1387 4146 1494 Grundtschreibern sein anheünt
2874 1497 4121 1612 Verfallene Quartals Bsoldung
2876 1619 4226 1758 mit Funfzig gulden rh. auf
2889 1759 4725 1905 sein Quittung hiebey Idest 50 f " - "
2837 1939 4135 2098 Weiter Zalte Ich dem Iohann Georg
2860 2101 4173 2207 Heintz Canzley Verwahnten sein
2873 2212 4109 2334 anheünt Verfallene Quartalls
2879 2335 4281 2466 bsoldung mit Zway vnd Sechzig
2855 2474 4187 2601 gulden 4 s. ut Quittung hiebey
2878 2576 4721 2708 Idest 62 f 4 s
2802 2708 4147 2844 Eodem die Zalte Ich dem Georgen
2872 2819 4248 2943 Raab Rumor Haubtman die für
2857 2932 4244 3061 ihm vnd seine Vnderhabende Mann
3009 3145 4233 3324 Latus 162 f. 4 s " - "
