4972 4001
715 780 2095 927 Den 15 dito Zalte Ich dem Conradt
721 923 2101 1040 doppler Gmr. Statt Prothocollisten
712 1051 2077 1161 sein den lezten Septemb. Verfallene
708 1166 2091 1276 Quartalls bsoldung mit Funfzig
727 1217 2393 1421 gulden rh. ut Quittung hiebey Idest 50 f " - "
718 1469 2136 1614 Den 22 dito Zalte Ich denen Auf
685 1619 2029 1727 sehern Vnder denen Statthorn
711 1720 2109 1836 ihre anheünt Verfallene 4. wochent
696 1846 1985 1958 liche Bsoldung mit Sechs vnd
706 1971 1992 2099 Funfzig gulden rh. Innhalt
706 2024 2419 2237 Zweyer Quittungen hiebey Idest 56 f " -
699 2320 2000 2456 Wie auch denen aufsehern in der
720 2457 2061 2563 Statt ihre anheünt Verfallene Vier
736 2569 2136 2693 Wochentliche bsoldung mit Viertzig
745 2697 2178 2824 gulden rh. Vermög Zwayer Quitt.
746 2752 2413 2950 hiebey Idest 40 f 4 " -
706 3019 2151 3192 Den letzten dito Zalte Ich dem Geörgen
1002 3275 1981 3539 Latus 146 f " - "
2898 661 4126 811 Raab Rumor haubtman die für
2897 803 4225 921 Ihme vnd seine Vnterhabente Mann
2860 925 4240 1043 schafft anheünt Verfallene Monnats
2864 1031 4230 1142 Bsoldung mit Ainhundert vier
2883 1153 4229 1267 vnd Neunzig gulden rh. laut
2868 1237 4706 1398 geferttigter Roll hiebey Idest 194 f " - "
2882 1459 4217 1583 Den 4. Nouemb. Zalte Ich dem Fer
2870 1580 4216 1684 dinandt Mezger Gmr. Statt buch
2837 1675 4254 1803 halterey Verwahnten sein anheünt
2865 1796 4203 1921 Verfallene Quartalls bsoldung mit
2859 1907 4223 2042 Fünf vnd Sibenzig gulden rh.
2864 2024 4637 2180 Innhalt Quittung hiebey Idest 75 f " - "
2862 2232 4218 2375 Den 5 dito Zalte Ich dem Iacoben Luzen
2848 2373 4162 2481 berger Mößnern bey Vngern Herrn
2888 2470 4211 2591 die Ihme den lezten octob. Verfallene
2878 2582 4207 2718 halb Iährige Bsoldung mit Sechs vnd
2845 2711 4260 2853 zwainzig gulden Vermög Quitt.
2871 2834 4659 3004 hiebey Idest 26 f " - "
3056 3111 4167 3367 Latus 295 f " - " - "
