4947 4014
622 679 2165 937 Wie auch denen bedlgsindts aufsehern
757 944 2166 1059 ihre anheündt Verfallene Sechs woch.
758 1069 2116 1198 Bsoldung mit Sechzig Gulden rh.
764 1160 2377 1342 laut dreyer Quittungen hiebey Idest 60 f " - "
737 1370 1964 1539 Den lezten dito Zalte Ich dem
691 1534 2099 1667 Geörgen Raab Rumor haubtman
731 1674 2078 1797 die für Ihm vnd seine Vnterhabente
722 1812 2099 1938 Mannschafft anheünt verfallene Mon
684 1947 2180 2069 nats Bsoldung mit Zwayhundert
724 2073 2071 2223 gulden rh. ut geferttigter Roll
736 2153 2375 2329 hiebey Idest 200 f " -
714 2408 2194 2559 Den 4. Aug. Zalte Ich dem Ferdinand
717 2552 2061 2672 Mezger Gmr. Statt Buchhalterey
716 2669 2102 2791 Verwahnten die ihme anheünt
717 2790 2079 2919 Verfallene Quartalls bsoldung
707 2909 2132 3055 mit Fünf vnd Sibenzig gulden
707 2957 2359 3210 Inhalt Quittung hiebey Idest 75 f -
733 3323 1922 3551 Latus 335 f - " - "
2795 676 4127 812 Den 13. dito Zalte Ich dem Iacoben
2834 817 4120 917 Schwärzl Ober Camer Ambts Re
2805 923 4205 1013 manentern sein den 11. diß Ver
2813 1021 4188 1132 fallene Quartals bsoldung mit
2780 1146 4269 1284 Funfzig gulden Vermög Quitt.
2802 1285 4690 1398 hiebey Idest 50 f " - "
2795 1434 4213 1554 Dito Zalte Ich denen drey Geschwor
2765 1565 4258 1666 nen Raths dienern die Ihnen anstatt
2806 1679 4177 1795 deß hieuor gehabten Erledigungs
2793 1793 4191 1907 Grossen angestern auf ain Iahr
2814 1910 4083 2019 verfallene Ainhundert vnd
2804 2031 4246 2166 Funfzig Gulden rh. Crafft Quittung
2821 2159 4646 2275 hiebey Idest 150 f " - "
2809 2318 4183 2456 Ingleichen Zalte Ich dem Hannß Hein
2782 2456 4170 2564 rich Bürkhert vnd Caspar Löhr
2813 2567 4195 2687 beeden ordinari todenbhauern die
2783 2712 4189 2815 Ihnen wegen der Armen so daß
2781 2808 4188 2938 Bschaugelt nicht Zuraichen haben an
2758 2949 4155 3090 heünt auf ain Iahr gebührente
2998 3189 4021 3422 Latus 200 f " - " - "
