4929 4079
688 375 1961 546 Eodem die Zalte Ich auch Ihmbe
793 533 1965 632 herrn Wünsauer vnd Zwar
810 608 2010 730 durch die gewöhnliche Zahlungs
803 727 1969 815 täg den wegen der Canthorey
782 815 1993 929 Khnaben auf dises Iahr Ihmb
812 926 1996 1046 gebührendte Khost geldt ver
803 998 2076 1134 müg Quittung hiebey benendt
781 1127 2026 1244 lichen Söchshundert vnd funffzig
775 1182 2363 1359 Gulden rh. Idest 650 f " - " -
721 1429 1981 1593 Dito Zalte Ich auch mehrgedach
817 1585 1963 1690 ten herrn Winsauer Zuehan
826 1693 1963 1792 den der Vocal Musicis daß
807 1793 1987 1887 gewöhnliche roratte geldt ut
812 1890 2022 2001 Quittung hiebey benenndtlichen
815 1865 2372 2102 Sechs Gulden rh. Idest 6. f " - " -
761 2190 1963 2326 Mit gleichem dato Zalte Ich
756 2320 1937 2441 auch den Vlrich Prugger sub
824 2432 1932 2527 Cantorem Zue St. Stephan
836 2511 1976 2620 die von ainem Löbl. Statt
821 2615 1972 2728 Rath wegen der durchs ganze
819 2732 1962 2832 Aduent gehaltenen roratte
827 2832 1966 2923 in der Capellen ad Saluato
815 2932 1970 3037 rem Zue einer beyhilff denen
819 3033 1954 3132 Mussicis für dißmahl Zu
845 3123 2004 3246 raichen bewilligt Achtzöhen
708 3315 2049 3626 Latus 656 f - s - d
2824 311 4099 430 Gulden rh. vermüg Raths de
2919 425 4663 567 cret vnd Quitung hiebey Idest 18. f " - " -
2855 642 4055 764 Den 30. dito Zalte Ich herrn
2892 762 4116 864 Mathiaß Voldtsperger wegen
2913 853 4105 958 Vnderschiedlich für die Canthor
2896 954 4048 1070 ey Khnaben Zuer heurigen
2885 1062 4119 1170 Sommer Liberey hergegebenen
2907 1154 4116 1270 Wahren seinen Außzug hiebey
2917 1269 4079 1362 über abbruch benendtlichen
2895 1352 4697 1497 Achtzig Gulden rh. Idest 80. f " - " -
2839 1583 4077 1742 Eodem die Zalte Ich auch dem
2921 1730 4115 1839 Maister Geörg Scherle burger
2937 1839 4067 1941 vnd Schneider alhier wegen
2927 1929 4118 2036 Vnderschiedlich für die Canthor
2919 2032 4104 2132 ey Khnaben Verrichter Ar
2913 2134 4097 2252 beith seinen AußZug hiebey
2936 2244 4088 2339 über abbruch benendtlichen
2922 2348 4077 2466 Zway vnd Zwainzig Gulden
2959 2427 4692 2576 rh. Idest 22. f " - " -
2828 2609 4076 2792 Den lesten dito Zalte Ich herrn
2913 2785 4123 2880 Iohann Wünsauern Canthorn
2910 2879 4049 2964 Zue St. Stephan sein von
2931 2967 4067 3088 Michäeli biß Quatember
2877 3162 4239 3484 Latus 120 f - s - d
