4903 4091
780 391 1934 528 Thurnern Zue St. Stephan
802 533 1921 625 wegen des absonderlichen
800 619 1944 722 Thuernblasens die mit obigen
813 726 1936 817 dato verfallene Quartalß
785 807 1975 908 besoldung benendtlichen funff
792 906 1941 1003 zehen Gulden rh. ut Quit.
804 895 2330 1101 so hiebey Idest 15 f. " - " -
704 1150 1939 1297 Den 12 dito Zalte Ich denen bee
808 1290 1886 1390 den Thuernwachtern Zue St.
801 1387 1920 1474 Stephan wegen richtung der
786 1471 2005 1574 Vhr den mit Quatember remi
803 1574 1965 1668 niscere verfallne deputat
799 1668 1972 1769 benenndtlichen Vier gulden rh.
822 1679 2357 1885 lauth Quittung so hiebey Idest 4 f " - " -
725 1949 1956 2126 Den 21. Maii Zalte Ich Hannß
793 2115 1973 2206 Geörgen Pierling Thuernern
803 2206 1966 2305 bey St. Stephan das Ihme mit
801 2303 1992 2401 Quatember Phingsten gebühr
795 2396 1999 2491 endte Khlaider geldt benendt
798 2492 1950 2584 lichen Zöchen Gulden rh. ut
790 2476 2364 2691 Quit. so hiebey Idest 10. f " - " -
701 2779 1930 2948 Den 4. Iunii Zalte Ich denen
802 2943 1888 3045 Söchs Instrumental Musicis
803 3042 1906 3136 Zue St. Stephan das Ihnen
803 3134 1934 3246 mit Quatember Phingsten
745 3336 2057 3618 Latus 29 f - s - d
2880 303 4069 430 gebührundte Claider geldt
2894 429 4066 527 über die den 21. Maii beraiths
2899 527 4027 635 bezahlte Zöchen Gulden den
2910 627 4082 735 rest Inhalt Quittung hiebey
2901 728 4091 835 so Zwar auf Sechzig Gulden Laud
2901 820 4047 924 et aber nuer vmb funffzig
2892 926 4086 1033 gulden rh. gültig benendtlichen
2908 1024 4063 1140 ermelte funffzig Gulden
2924 1089 4616 1223 rh. Idest 50. f " - " -
2804 1282 4044 1452 Eodem die Zahlte Ich besagten
2891 1448 4051 1548 Thuernern wegen des Thuern
2916 1543 4049 1642 blaßens die Zue Quatember
2906 1635 4022 1754 Phingsten Ihnen raichendte
2888 1748 4076 1849 funffzechen Gulden rh. vermüg
2885 1819 4591 1972 Quittung hiebey Idest 15. f " - " -
2839 2053 4050 2196 Den 11. dito Zalte Ich denen bee
2912 2196 4037 2289 den Thuernwachtern Zue St.
2913 2288 4079 2384 Stephan das Ihnen wegen rich
2914 2375 4064 2481 tung der Vhr mit Quatember
2924 2480 4105 2581 Phingsten verfallene deputat
2923 2577 4108 2671 benendtlichen Vier Gulden rh.
2898 2666 4632 2792 Inhalt Quittung hiebey Idest 4 f " - " -
2861 2841 4073 2993 Den 18 dito Zalte Ich Erstbe
2914 2987 4100 3102 sagten Thuern wachtern wegen
2848 3183 4151 3475 Latus 69. f - s - d
