4888 4074
748 332 1947 513 Den 17. dito Zalte Ich denen
835 507 1984 605 Thuern wachtern wegen rich
842 605 1973 709 tung der Vhr die mit Qua
830 698 1998 815 tember Weynachten diß Iahr
819 804 1991 910 Ihnen destwegen gebührundte
815 902 2014 1022 Vier gulden rh. ut Quit.
843 910 2365 1114 hiebey Idest 4 f " - " -
762 1225 1958 1344 Den 24. dito Zalte Ich denen
823 1338 1994 1431 Söchs Thuernern oder Instru
827 1434 1963 1534 mental Musicis die Ihnen
818 1523 1980 1629 auf dises Iahr gebührendt
810 1627 1986 1719 vnd Zwar durch die gewöhn
812 1721 1974 1826 liche Zahlungs täg abgericht
823 1816 2007 1923 besoldung benendtlichen Siben
807 1927 2009 2033 hundert Achtzig Gulden rh.
829 1919 2367 2143 vermüg Quit. hiebey Idest 780 f " - " -
805 2263 1953 2376 Ebenmessig Zalt Ich denen
807 2378 1961 2472 beeden Thuernwachtern
831 2466 2012 2578 die Ihnen auf diß Iahr Zue
827 2574 2030 2676 stehendte besoldung ut Quit.
822 2676 2014 2767 hiebey benendtlichen Zway
799 2772 2035 2885 hundert vnd Acht Gulden rh.
1731 2756 2358 2962 Idest 208. f " - " -
726 2976 2006 3176 Ich Zalte auch dißen tag denen
809 3294 2035 3556 Latus 992. f - s - d
2861 288 4021 409 Thuernern das Ihnen auf di
2847 409 4065 514 ses Iahr gebührendte Roratte
2897 512 4030 616 geldt lauth Quit. hiebey
2893 615 4005 732 benendtlichen Vier Gulden
2929 686 4520 847 rh. Idest 4 f - " -
2872 960 3780 1288 Latus per Se.
