4931 4087
671 393 1938 565 Dito Zalte Ich auch den dauit
799 547 1990 661 Wolffen burger vnd handtschuech
802 658 1950 761 machern alhier vmb die für
791 752 1969 864 die Canthorey Khnaben diß
773 837 2062 968 Iahr hergegebene handtschuech lauth
751 961 1980 1058 Quittung hiebey benentlichen
764 969 2393 1180 Fünff Gulden rh. Idest 5. f " - " -
715 1281 1978 1418 Den 17. dito Zalte Ich Leonhardt
790 1411 1964 1516 Vischern Mauthner Vnder dem
792 1504 1999 1613 Purckhthor wegen der mit der
790 1604 2015 1718 Violn in St. Stephans Thumbkhierchen
797 1714 1988 1814 bey den H. Ämbtern verrichten
793 1813 1954 1913 diensten sein von 1 Iulii biß
806 1908 1988 2007 lesten xbrs. diß Iahr gebühr
801 2009 1981 2102 endte besoldung benentlichen
790 2108 1988 2211 Zwainzig Gulden rh. lauth
793 2093 2379 2297 Quittung hiebey Idest 20. f " - " -
739 2381 1908 2542 Den 19 dito Zalte Ich Hannsen
790 2534 1955 2642 Mathge burger vnd Schuestern
793 2630 1963 2726 alhier wegen für die Canthor
782 2725 2013 2828 ey Khnaben diß Iahr hindurch
775 2827 1977 2936 gelifferter Schuech vnd anderer
777 2929 2001 3035 Arbeith vermüg geförttigten
773 3035 1988 3158 Außzug hiebey über abbruch
751 3277 2031 3595 Latus 25. f - s - d
2898 330 4091 445 Benentlichen Ain vnd funffzig
2905 434 3938 551 Gulden vnd Vier Schilling
3728 524 4605 673 Idest 51. f  " 4 " -
2860 708 4072 836 Dito Zalte Ich herrn Winsau
2936 835 4054 928 er wegen des den 5. 9brs. in
2929 928 4011 1023 der Capellen ad Saluatorem
2925 1021 4061 1132 für eines Löb. Statt Raths
2932 1130 4060 1230 verstorbenen herrn Mitglider
2926 1241 4078 1343 gesungenen requiem die denen
2934 1339 4064 1447 Musicis Vocalibus darfür
2940 1449 4139 1554 gebührendte Zöchen gulden rh.
2938 1526 4662 1677 ut Quittung hiebey Idest 10 f " - " -
2886 1775 4059 1912 Den 24. dito Zalte Ich auch Erst
2950 1906 4062 2001 gedachten herrn Iohann Wün
2949 1991 4100 2087 sauer Zuehanden denen Verord
2940 2082 4085 2173 neten Neun Vocal Mussicis Zue
2926 2174 4093 2276 St. Stephan die Ihnen auf
2943 2269 4045 2366 diß Iahr alß 52 Wochen ge
2941 2369 4069 2469 bührendte ordinarii besoldung
2961 2470 4075 2564 welche Ihnen durch die gewöhn
2968 2566 4065 2662 liche Zahllungs täg guet ge
2971 2662 4088 2745 macht worden sein benendt
2960 2745 4046 2833 lichen Aintausendt Ainhun
2958 2833 4081 2928 dert drey vnd Achtzig Gulden
2965 2932 4071 3036 rh. Lauth Quittung hie
2975 2994 4676 3134 bey Idest 1183 f " - " -
2892 3239 4147 3528 Latus 1244 f 4 s - d
