4911 4093
804 402 1983 526 leithung der Raths Glockhen das
817 511 2045 631 auf diß Iahr Ihnen gebührendte
761 623 1949 729 Deputat benentlichen Vier
809 717 1965 843 gulden rh. ut Quit. hiebey
1685 733 2348 891 Idest 4 f " - " -
748 922 1970 1047 Bemelten tag Zalte Ich wider
770 1040 2001 1156 umben gedachten Thuernwach
789 1141 1963 1245 tern Zue St. Stephan daß
777 1231 1987 1348 Ihnen mit Quatember Pfing
777 1339 1956 1443 sten gebührendte Khlaider
799 1433 1998 1543 geldt benentlichen Acht Gulden
805 1452 2357 1654 rh. ut Quit. hiebey Idest 8. f " - " -
771 1766 1985 1882 Den 25. dito Zalte Ich Vlrichen
817 1882 1973 1984 Schlenckh Thuernwachtern Zue
815 1977 2014 2073 St. Stephan die Ienigen Zöchen
810 2067 1986 2169 gulden rh. welche Ihme von
823 2164 1974 2272 ainem Löbl. Statt Rath auf
807 2270 1986 2381 sein gehor. anlangen vnd bit
790 2372 1961 2475 ten Zuer Iährlichen Zimer
790 2477 1952 2581 Zünß Zuebueß fürahin Zu
818 2584 1956 2679 raichen gdig verwilliget
780 2682 1961 2780 worden Inhalt ober vnnd
779 2780 1959 2885 Vnder Cammer Ambts be
781 2888 1955 2998 richt vnd Quittung hiebey
1687 2819 2361 3092 Idest 10 f " - " -
688 3067 1911 3221 Den 21. September Zalte
759 3311 2098 3588 Latus 22. f - s - d
2869 265 4006 386 Ich denen Instrumental Mu
2877 381 4009 484 sicis oder Thuernern Zu St.
2884 472 4051 584 Stephann wegen des absonder
2889 584 3992 692 lichen Thuernblaßens die
2886 685 4055 788 mit Michäeli Quartall ver
2872 779 4040 894 fallene funffzehen Gulden
2895 878 4071 998 rh. vermüg Quit. hiebey
3738 934 4602 1087 Idest 15. f " - " -
2828 1107 4043 1254 Den 1. October Zalte Ich denen
2907 1245 4091 1343 beeden Thuern Wachtern auf
2899 1340 4053 1441 St. Stephans Thuern alhier
2894 1437 4079 1546 Zue Michäeli wegen richtung
2903 1539 4094 1640 der Vhr verfallenes Quartall
2898 1640 4060 1747 deputat benendtlichen Vier
2887 1747 4138 1858 Gulden reinisch lauth Quit.
2921 1808 4571 1952 hiebey Idest 4 f " - " -
2873 2039 4051 2168 Den 14. december Zalte Ich
2930 2170 4055 2264 denen Instrumental Musicis
2937 2263 4051 2370 oder Thuernern Zue St. Ste
2905 2366 4073 2458 phan wegen des absonder
2918 2459 4080 2561 lichen Thuernblaßens die mit
2928 2559 4043 2656 obigen dato dauon gebühr
2926 2658 4053 2751 endt vnd verfallene Quar
2909 2750 4076 2854 talß besoldung benentlichen
2891 2851 4129 2947 funffzehen Gulden rh. lauth
2869 2931 4626 3076 Quittung hiebey Idest 15. f " - " -
2820 3178 4125 3466 Latus 34. f - s - d
