5036 4030
688 561 1975 685 schuldigen 500 f Capital das den
688 681 1963 781 27 Aug. verfallene Iahrs Intee.
706 776 1977 912 mit fünf vnd zwaintzig gulden
1531 849 2361 1002 idest 25 f
691 1144 1969 1273 Den 14 dito Erlegte herr Iohann
698 1273 1945 1366 Frantz Von Poppoloitsch Kay.
702 1369 2028 1476 Handtgraff von schuldigen 5000 f
720 1474 1923 1575 Capital das an heündt zu 6.
696 1568 1926 1666 per Cento Verfallene Iahrs In
692 1662 1988 1794 teresse mit dreyhundert gulden
1575 1778 2310 1907 idest 300 f
678 2031 1897 2154 Den 19. 9br. Erlegte Iohann
693 2156 1983 2254 Adam Hürtz Gmr. Statt Holtz
686 2258 1938 2354 verwalter alß welcher nach ab
687 2361 1976 2472 sterben deß hauß Georgen Pau
697 2468 1939 2558 man die Waschzillen im Obern
708 2561 1961 2662 Wörth im Bstandt genohmen die
752 2656 2000 2753 an heündt auf ain halb Iahr Ver
754 2746 2367 2891 fallene dreyßig gulden idest 30 f -
740 3048 1878 3225 Den 20. dito Erlegten Weyl
746 3200 1975 3320 tobia Kaintz see. Erben wegen
755 3296 2038 3432 eines Brodtladen bey Ihren hauß
1033 3443 2038 3615 Latus 355 f
2990 486 4341 622 Zum Gulden Adler im Obern Wörth
3005 624 4238 720 die den letzten Decemb. 698 auf
3011 712 4248 849 ain Iahr Verfallene fünf gulden
3830 811 4606 929 idest 5 f
2975 1071 4274 1195 Den 27. dito Erlegten die gesamb
2997 1200 4278 1295 te Milstain handler wegen nider
2980 1296 4244 1401 legung der Milstain in Vndtern
3002 1396 4208 1499 Wörth die den letzten Decemb.
3001 1493 4220 1597 diß Iahr auf ain Iahr Verfallen
2962 1598 4565 1743 de Achtzehen gulden idest 18 f
2978 1871 4273 2041 Den 9. Decemb. Erlegte Thomas
2955 2042 4210 2146 Staininger wegen eines Brodt
2977 2148 4211 2256 laden bey seinen hauß im Obern
2989 2250 4200 2355 Wörth Zum Gulden Bern aber
2967 2356 4135 2474 mahl in abschlag deß biß hero
2998 2460 4190 2557 Verfallenen Zünß benentlichen
3009 2561 4229 2694 Sibentzehen gulden 4 s 24 d
3719 2626 4774 2815 idest 17 f 4 s 24 d
2940 2930 4186 3078 Deßgleichen wird per Empfang
2988 3061 4147 3171 gebracht das an heüer in dem
2994 3173 4150 3272 Vndtern Wörth eingangene
3003 3249 4262 3362 Waidtgeldt mit Neüntzehen gul
2983 3365 4671 3467 den 4 s 12 d. idest 19 " 4 " 12
3294 3477 4419 3638 Latus 60 f 1 s - 6 d
