5213 4081
918 615 2173 748 mer diß Iahr eingangene Ab
924 746 2216 842 fahrt Geldter mit Sechtaußent
932 837 2245 957 Achthundert zwey vnd Sechtzig
935 934 2218 1037 gulden - s 13 d Inhalt Speci
904 1025 2701 1168 fication hiebey idest 3862 f - 13 d
1195 1195 1824 1380 Latus Per Se
927 1643 2191 1897 Suma dißes Empfangs be
1005 1863 2199 1998 nent. Sechs taußent zwey
1021 1960 2189 2169 vnd funftzig gulden 1 s 1 d
1326 2353 2271 2637 6052 f 1 s 1 d
3122 342 4292 729 Empfang
3245 729 4142 902 Purkhrechts Zünß
3198 1022 4500 1184 Den 8. Ianuarii Anno 1699 Erlegte
3200 1185 4410 1285 |titl| Herr Colman Gögger Von
3185 1273 4425 1384 Lewenegg der R. K. May. Hoff
3183 1390 4356 1476 Quartiermaister wegen einer
3193 1471 4442 1586 inhabenden Wasch vnd trückherstatt
3202 1577 4389 1678 im Vndtern Wörth den bstandt
3187 1669 4431 1778 Zünß so den letzten Decemb. 698.
3185 1769 4441 1881 auf ain Iahr Verfallen mit Zwelf
3169 1881 4899 2005 Gulden idest 12 f - " -
3194 2196 4241 2348 Dito Erlegte Martin Pauer
3184 2337 4372 2456 Kässtecher in der Rossau seinen
3180 2455 4333 2556 den 26 diß Verfallenden Iahrs
3188 2553 4407 2694 bstandt mit Zehen gulden id
4127 2652 4866 2774 est 10 f - " -
3147 2923 4411 3110 Den 4. Febr Erlegte Hannß
3146 3108 4358 3217 Grießbacher vnd Hannß Günfer
3151 3205 4344 3327 wegen der im bstandt habenden
3415 3364 4291 3535 Latus 22 f -
