5234 4101
913 594 2171 729 Harlacher wegen einer Wasch vnd
953 724 2175 820 trükherstatt im Vndtern Wörth
948 819 2170 921 den bstandt Zünß Von 19 Dec.
954 917 2165 1029 697 biß dito 698 auf ain Iahr
968 1017 2566 1174 mit Zehen gulden idest 10 f -
939 1303 2176 1501 Dito Erlegte Maria Harlacherin
968 1498 2178 1598 wegen einer Messerhütten negst
973 1592 2163 1706 der Schlagbruckhen den Zünß von
963 1703 2148 1808 Georgi 698 biß dito 699 auf
980 1802 2167 1932 ain Iahr mit Acht gulden id
1963 1893 2545 2014 est 8 f
919 2162 2203 2339 Den 14. dito Erlegte Margareta
942 2329 2130 2432 Gräfin hieuor Silbermanin
970 2433 2136 2533 von 200 f Capital welche auf
965 2540 2169 2648 Ihren hauß negst deß Arsonal
955 2648 2148 2761 Satzweiß gehafftet das Interesse
986 2764 2149 2872 von 10 Iunii 698. biß 10 Dec.
985 2869 2226 3004 699 auf 1 ½ Iahr zu 6. per Cento
987 2978 2518 3151 mit Achtzehen gulden idest 18 f
956 3237 2114 3411 Den 21. dito Erlegte Wey
1215 3425 2094 3577 Latus 36 f
3209 580 4463 745 Iohann Georg Pauman see. hinter
3179 745 4486 847 lassene Wittib wegen Gemr. Statt
3226 847 4433 956 Waschhütten im Obern Wörth den
3222 944 4477 1063 Zünß von 19 Febr. biß 19 Maii
3225 1058 4405 1216 auf ¼ Iahr mit fünftzehen gulden
4097 1159 4795 1299 idest 15 f -
3240 1433 4359 1562 Den 23 dito Erlegte Matthias
3225 1560 4447 1669 Lipsch wegen eines Brodtladen bey
3219 1660 4385 1769 seinen Hauß in Ober Wörth Zum
3202 1765 4367 1866 Schwartzen Bern den Von Ersten
3196 1857 4387 1968 Jan. biß letzten Decemb. 698
3201 1963 4367 2063 auf ain Iahr Verfallenen Zünß
3208 2059 4794 2198 mit fünf gulden idest 5 f -
3171 2337 4416 2551 Den 26. dito Empfienge ich
3200 2550 4387 2644 von Herrn Statt Anwaldt wegen
3184 2644 4457 2758 der Graff Weissenwolffischen Wasch
3172 2752 4422 2855 statt im Vndtern Wörth die den
3189 2854 4368 2958 letzten Decemb. 698 auf ain
3179 2955 4348 3101 Iahr Verfallene Sechs gulden
4048 3040 4776 3170 idest 6 f -
3214 3257 4374 3431 Dito Erlegte Herr Leopoldt V.
3495 3434 4327 3590 Latus 26 f -
