5250 4084
946 609 2161 758 Zwierschlag von denen auf seinen
931 754 2223 859 Hauß Satzweiß hafftendten 300 f
929 856 2116 958 Capital das Intee. von Georgi
933 963 2179 1070 697 biß dito 699 auf 2. Iahr Zu
975 1062 2245 1181 4 per Cento mit vier vnd zwain
927 1181 2526 1329 zig gulden idest 24 f
915 1591 2195 1777 Den 24 dito Erlegten die Bur
926 1775 2143 1881 ger Häringer wegen der im
916 1884 2141 1984 bstandt habenden Häringer
919 1987 2156 2091 Hütten am hochenmarckht den
938 2086 2109 2182 ietzt Georgi Verfallenen Iahrs
966 2182 2216 2297 Zünß mit Zweyhundert gul
906 2306 2481 2450 ben idest 200 f
937 2607 2175 2793 Den 3. Iunii Erlegte Iohann
933 2781 2081 2900 Georg Geiter wegen eines
944 2878 2146 3014 brodtladen bey seinen hieuor
916 3005 2161 3120 Föttingerischen Würthshauß
941 3107 2111 3250 im Obern Wörth die den 19
958 3216 2062 3322 april auf ain Iahr Verfallene
978 3301 2549 3454 Fünf gulden idest 5 f -
1253 3443 2164 3580 Latus 229 f -
3205 597 4477 778 Den 16. dito Erlegten die drey
3212 780 4578 890 Markhrichter wegen deß im bstandt
3199 892 4465 1002 habenden hienersteigen auß
3177 998 4442 1104 leichen die ietzt Georgi auf ain
3206 1094 4482 1220 Iahr Verfallene Sechs gulden
4047 1146 4906 1305 idest f -
3212 1503 4417 1633 Den 7. Iulii Erlegte Frantz
3229 1636 4448 1744 Martin Rendl Burger Maller
3231 1740 4500 1855 wegen der negst der Schlagbruckhen
3213 1861 4455 1968 im bstandt genohmenen hütten
3205 1966 4459 2079 welche Vorhero sein Brueder hein
3184 2074 4507 2183 rich Iacob Kendl Bildthauer inen
3198 2176 4468 2312 gehabt vnd mit von Georgi 698.
3233 2286 4465 2406 Iährlich auf 25 f tractiert worden
3183 2389 4433 2501 die ietzt Georgi auf ain Iahr Ver
3175 2499 4486 2633 fallene fünf vnd zwaintzig gul
3165 2636 4855 2775 den idest 25 f.
3178 2951 4407 3152 Den 13. dito Erlegte Michael
3177 3154 4400 3250 Haider die wegen deß Sauern
3177 3241 4450 3358 Kraut vnd Rueben Verkhauff
3520 3407 4270 3560 Latus 31 f
