5025 4015
689 637 1939 762 im Obern Wörth den Ersten diß
706 766 1879 876 auf ain Iahr Verfallene Acht
703 873 2353 1015 gulden idest 8 f -
736 1239 1946 1363 Den 31. dito Erlegte Iohann
737 1369 1983 1466 Rueber von schuldigen 200 f Cap.
739 1473 1990 1578 das den 16. Maii Iüngsthin Ver
732 1581 1919 1683 fallene Iahrs Intee. mit
740 1683 2329 1846 zehen gulden idest 10 f -
733 2035 2005 2166 Wie auch von anderen schuldigen
750 2166 2036 2269 200 f das von 9. Sept. 697 biß
744 2266 1988 2381 9 Martii 699 auf 1 ½ Iahr Verfal
722 2378 1958 2485 lene Intee. mit funftzehen
746 2469 2418 2635 gulden idest 15 f -
697 2780 1957 2984 Den 11. Aug. Erlegte Leopoldt
735 2993 1934 3104 Gering Burger. Schuechmacher
762 3107 1900 3229 wegen eines Ihme negst der
761 3203 1971 3349 Schlagbruckhen auf Beyligendte
962 3368 1778 3585 Latus 33 f -
2995 498 4247 627 Raths Verordnung aufzurichten
3026 629 4287 729 bewilligten Schuester Laden die
3030 724 4289 831 den 16 Iulii auf 1 Iahr Verfallen
3033 825 4162 946 vnd tractirte Sechs gulden
3918 900 4748 1036 idest 6 f - " -
3009 1190 4294 1347 Den 22. dito Erlegte Herr Georg
3021 1334 4269 1436 Ignatius Prieschenkh wegen einer
3012 1437 4208 1547 Fleckhbankh bey seinen Hauß im
3000 1530 4300 1690 Obern Wörth den bstandt Zünß
3014 1643 4239 1761 von Ersten Ian. 697 biß Letzten
2998 1763 4187 1888 Decemb. 698 auf 2. Iahr mit
2994 1867 4759 2023 Sechs gulden idest 6 f - " -
2983 2246 4202 2390 Dito Erlegten Wey h. Martin
2982 2403 4230 2504 Hollerrieders see. Erben wegen
2995 2499 4258 2601 eines Brodtladen bey Ihren hauß
3000 2600 4191 2702 im Obern Wörth den Zünß Von
2969 2691 4199 2796 Ersten Ian. 697 biß letzten Dec.
2984 2784 4151 2907 698. auf 2. Iahr mit Zehen
3010 2897 4608 3027 gulden idest 10 f -
2892 3202 4204 3359 Den 9. Octb. Erlegte Domini
2963 3337 4231 3457 cus Carzeroll wegen Gmr. Statt
3256 3467 4191 3623 Latus 22 f -
