5229 4084
958 609 2188 749 Nächtlichen Wagenwacht die Zur
958 750 2216 865 Michaeli 698 auf ½ Iahr Verfallene
936 849 2575 1000 zehen gulden idest 10 f
947 1212 2206 1365 Den 19. dito Erlegte Hanß Georg
969 1370 2259 1466 Pauman wegen der im bstandt
979 1463 2197 1567 habendten Waschzillen im Obern
974 1561 2206 1667 Wörth die an heündt auf ½ Iahr
1000 1660 2179 1809 verfallene dreyßig gulden id
2020 1751 2579 1876 est 30 f -
937 1970 2192 2173 Den 26. dito Erlegte Ignatius
963 2180 2239 2283 Painnagl von denen auf der Ioh.
983 2282 2189 2389 Michael Pauolischen behausung
995 2390 2152 2485 im Kumpff Gässl Satzweiß
983 2488 2223 2591 ligenden 1000 f Capital daß
987 2593 2139 2697 den 18. 9br. 698 Verfallene
976 2690 2195 2817 Iahrs Intee. mit funfzig gulden
1791 2788 2626 2942 idest 50 f.
986 3056 2154 3247 Den 6. Martii Erlegten Ioh.
1013 3238 2160 3360 Baptista Eger vnd Martin
1320 3364 2201 3531 Latus 90 f -
3218 550 4418 689 Rueff beede Gmr. Statt Visirer
3237 689 4436 789 wegen deß im bstandt habenden
3233 786 4440 895 Visierrecht vnd Hönigbstechen die
3228 887 4497 991 zu Michaeli 698 auf ain Iahr Verfal
3185 983 4872 1121 ene viertzig gulden idest 40 f -
3227 1271 4436 1468 Den 7. dito Erlegte Herr Frantz
3223 1458 4387 1576 Schreyer deß aussern Raths vnd
3208 1560 4428 1662 Gmr. Statt Secretarius Von sein
3205 1654 4469 1769 schuldigen 1000 f Capital das den 3.
3204 1758 4412 1867 diß Verfallene Iahrs Intee. mit
3185 1856 4861 2013 funftzig gulden idest 50 f -
3172 2204 4485 2393 Den 18. dito Erlegten die gesambte
3211 2396 4432 2497 Mühlstainhandler wegen inderle
3194 2493 4424 2607 gung der Mühlstain in Vndtern
3195 2587 4465 2711 Wörth die den letzten Decemb. Auf
3193 2698 4473 2826 ain Iahr Verfallene Achtzehen gul
3171 2812 4824 2939 ben idest 18 f -
3186 3126 4427 3343 Den 12. Maii Erlegte Matthias
3558 3363 4240 3545 Latus 108 f -
