6392 4844
2735 428 3143 526 f. kr. d
758 495 2707 637 P P. Carmelitern auf der Laimbgruben
813 639 2721 738 alhier von ihren anligendten 600 f.
808 742 2597 851 die Biß 16.ten diss auf ain Iahr
794 808 3165 968 verfallnen Intee. bezalt mit 30 " - " -
720 1177 2610 1340 Dito dem Löb. Iungfrau Closter
784 1325 2688 1438 Bey St. Ioseph alhier von ihrend
785 1434 2651 1544 anligendten 8000 f. die Biß 17.ten
807 1538 2685 1658 diss auf ain Iahr verfallene Intee.
802 1616 3157 1777 Bezalt mit 400 " - " -
762 2000 2687 2167 Dito dem herren Iohann Neumayr
840 2164 2644 2252 von seinen anligendten 2000 f.
840 2246 2607 2353 die Biß 17.ten diss auf ain Iahr
830 2287 3161 2479 verfallene Intee. bezalt mit 100 " - " -
785 2658 2566 2815 Dito Bezalte ich |:titl:| Frauen
830 2811 2547 2925 Maria Antonia Fürstin von
808 2915 2657 3033 Montecucoli von ihren anligendten
813 3033 2691 3142 10000 f. die Biß 17.ten diss auf ein
816 3089 3165 3278 halbes Iahr verfallene Intee. mit 250 " - " -
799 3437 2715 3591 Dito Bezalte ich Ihro Gnaden herren
854 3593 2636 3714 Christoph Fridrich von Mayenberg
849 3712 2660 3813 von anligendten Hiermißischen
852 3818 2627 3921 600 f. die Biß anheündt auf ain
823 3829 3172 4106 Iahr verfallene Intee. Bezalt mit 30 " - " -
2658 4013 3140 4265 810 " - " -
5563 506 6113 586 f. kr. d
3600 547 5461 711 Dito Bezalte ich der Frauen Maria
3641 713 5457 808 Anna Rieneggerin von ihren an
3643 810 5506 902 ligendten 2500 f. die Biß 18.ten diss
3652 903 5538 1027 auf ein halbes Iahr verfallene Intee.
3659 1026 6144 1134 mit 62 " 30 " -
3567 1313 5475 1471 Dito denen P P. Serviten von ihren
3636 1473 5613 1576 anligendten 300 f. din Biß anheündt
3619 1572 5455 1692 auf ein halbes Iahr verfallene
3601 1686 6179 1814 Intee. Bezalt mit 7 " 30 " -
3571 2005 5472 2177 Dito dem Herrn Franz Ioseph
3632 2178 5564 2286 von Hauern von seinen anligendten
3631 2284 5483 2393 4000 f. die Biß 19.ten diss auf ein
3625 2394 5439 2513 halbes Iahr verfallene Intee. Be
3618 2518 6190 2644 Zalt mit 100 " - " -
3577 2769 5422 2938 Dito der Maria Susana Brosigin
3620 2934 5443 3041 gebohrner Millerin von ihren
3620 3033 5641 3141 anligendten 1000 f. die Biß anheündt
3615 3144 5473 3267 auf ain Iahr verfallene Interesse
3601 3278 6147 3408 Bezalt mit 50 " - " -
3574 3512 5691 3676 Den 20.ten dito Bezalte ich der Elisabeth
3611 3679 5509 3789 Catharina Peißkamnerin von ihren
3613 3788 5469 3896 anligendten 1000 f. die Biß 25.ten
3572 3893 5503 4012 April auf ein halbes Iahr verfal
3574 4009 6173 4148 lene Intee. mit 25 " - " -
5567 4166 6139 4290 245 - " -
