6444 4833
2725 407 3189 541 f. kr d
823 602 2633 772 Iosepha von Stadern von ihren
863 759 2732 877 anligendten 4000 f. die Biß 20.ten
876 879 2748 993 diss auf ein halbes Iahr verfallene
877 939 3209 1108 Intee. mit 100 " - " -
829 1284 2636 1452 Den 21.ten dito Bezalte ich dem
907 1414 2653 1550 Löbl. Iungfrau Closter Bey St.
886 1542 2691 1677 Elisabeth auf der Landtstrassen
916 1656 2698 1782 von ihren anligendten 2000 f.
931 1749 2725 1897 die Biß 17.ten diss auf ein halbes
885 1781 3209 1991 Iahr verfallene Intee. mit 50 " - " -
862 2160 2718 2341 Ingleichen von ihren anligendten
917 2288 2763 2444 4000 f. die Biß 16.ten diss auf
935 2418 2723 2559 ein halbes Iahr verfallene Intee.
935 2449 3214 2667 Bezalt mit 100 " - " -
894 2777 2717 2941 Dito der Catharina Grauin von
944 2910 2754 3035 ihren anligendten 700 f. die Biß
963 3012 2826 3144 18.ten diss auf ain Iahr verfallene
988 3029 3216 3248 Intee. bezalt mit 35 " - " -
871 3373 2710 3535 Den 22.ten dito Bezalte ich dem
955 3530 2741 3656 Stephann Thurner und Iohann
958 3652 2724 3760 Michl Beeden Kierchen Vattern
965 3758 2752 3871 Zu Eberstorff von anligendten
959 3872 2814 3989 Zur pfarr Kirchen alda gehörigen
981 3990 2787 4158 Halterischen 300 f. Capital die
2841 3967 3226 4221 285 " - " -
5564 417 6113 522 f. kr. d
3646 503 5491 647 Biß anheündt auf ain Iahr à 4. pro
3641 649 6125 775 Cento verfallene Intee. mit 12 " - " -
3601 989 5463 1148 Den 23.ten dito bezalte ich |:Titul
3672 1147 5404 1260 Frauen Maria Antonia Fürstin
3638 1263 5467 1367 von Montecucoli von anligendten
3652 1368 5462 1483 undt Zu dero Herrschafft. Spital
3653 1484 5450 1595 Zu Enzes Feldt gehörigen 700 f. die
3651 1588 5437 1702 Biß anheündt auf ain Iahr ver
3631 1699 6130 1828 fallene Intee. mit 35 " - " -
3609 1995 5357 2138 Dito denen P. P. Augustinern in
3668 2137 5438 2245 der Statt alhier von ihren an
3663 2230 5562 2344 ligendten 2200 f. die Biß anheündt
3679 2339 5488 2458 auf ain Iahr verfallene Interesse
3678 2443 6150 2569 Bezalt mit 110 " - " -
3615 2692 5474 2851 Dito dem Nicola Rendthaußer von
3671 2842 5418 2940 seinen anligendten 2000 f. die
3678 2931 5459 3031 Biß anheündt auf ein Viertl Iahr
3684 3031 6170 3161 verfallene Intee. Bezalt mit 25 " - " -
3603 3304 5394 3456 Den 24.ten dito Bezalte ich der
3673 3446 5462 3547 Anna Theresia Fuxin von ihren
3685 3541 5464 3641 anligendten 1000 f. die Biß 23.ten
3673 3641 5408 3753 diss auf ain Iahr verfallene
3642 3757 6152 3868 Intee. mit 50 " - " -
3613 3958 5547 4152 Dito Bezalte ich der Frauen Maria
5516 4140 6123 4232 232 " - " -
