6409 4837
2789 438 3181 560 f. kr d
884 542 2707 693 Elisabeth Burgerin von ihren an
859 702 2632 800 ligendten 1000 f. die Biß 12.ten
894 805 2697 916 diss auf ein halbes Iahr verfal
893 857 3169 1045 lene Intee. mit 25 " - " -
870 1197 2704 1363 Ingleichen von ihren anligendten
895 1364 2838 1478 1000 f. die Biß 24.ten April auf
924 1481 2717 1600 ein halbes Iahr verfallene Intee.
910 1554 3171 1727 bezalt mit 25 " - " -
876 1868 2769 2048 Item von ihren anligendten 1000 f.
904 2046 2762 2146 die Biß 11.ten Maii auf ein halbes
910 2145 2686 2266 Iahr verfallene Intee. Bezalt
898 2206 3183 2379 mit 25 " - " -
849 2520 2625 2685 Den 24.ten dito Bezalte ich der
903 2680 2701 2787 Frauen Anna Maria Elisabeth
889 2783 2705 2881 Kraußin von ihren anligendten
911 2882 2702 2979 1000 f. die Biß 20.ten diss auf
924 2979 2735 3106 ein halbes Iahr verfallene Intee.
930 3017 3183 3199 mit 250 " - " -
872 3296 2784 3451 Ingleichen von ihren anligendten
933 3443 2800 3556 4450 f. die Biß 20.ten diss auf
958 3552 2754 3669 ein halbes Iahr verfallene Intee.
927 3568 3182 3768 Bezalt mit 111 " 15 " -
848 3890 2827 4104 Dito Bezalte ich dem herren Iohann
2697 3968 3184 4259 436 " 15 " -
5632 428 6160 528 f. kr d
3725 486 5434 632 Limpp von seinen anligendten
3707 631 5454 729 8000 f. die Biß anheündt auf ein
3739 733 5448 859 Viertl Iahr verfallene Interesse
3734 847 6165 967 mit 100 " - " -
3677 1085 5526 1270 Ingleichen von seinen anligendten
3716 1267 5502 1381 8000 f. ein Viertl Iahriges Intee.
3674 1382 6199 1533 Biß anheündt Bezalt mit 100 " - " -
3664 1717 5492 1888 Dito dem herrn Xaverio Limpp
3709 1887 5544 1998 von seinen anligendten 8000 f.
3730 1989 5522 2109 die Biß anheündt auf ein Viertl
3669 2116 6202 2271 Iahr verfallene Intee. Bezalt mit 100 - " -
3690 2412 5601 2575 Nichtweniger Ihme von anligendten
3730 2556 5526 2681 8000 f. ein Viertl Iähriges Intee.
3704 2674 6199 2812 Biß anheündt Bezalt mit 100 " - " -
3661 2942 5578 3100 Den 25.ten dito Bezalte ich der Frauen
3712 3103 5511 3214 Catharina Theresia Güßmanin
3712 3208 5521 3308 von ihren anligendten 4000 f. die
3727 3310 5510 3420 Biß anheündt auf ein halbes Iahr
3715 3420 6218 3540 verfallene Intee. mit 100 " - " -
3674 3655 5482 3802 Den 27.ten dito der Frauen Anna
3712 3800 5573 3906 Theresia Weltißhofferin von ihren
3704 3899 5572 4008 anligendten 6000 f. ein Viertl Iahrs
3665 4007 6203 4138 Intee. Biß anheündt Bezalt mit 75 " - " -
5617 4131 6188 4210 570 " - " -
