6404 4849
2739 449 3151 564 f. kr d
772 582 2630 744 Dito erst ermelter Frauen Maria
822 749 2565 856 Elisabeth Schonhuethin von ihren
827 861 2608 960 anligendten 600 f. die Biß 5.ten
822 965 2682 1077 diss auf ein halbes Iahr verfallene
801 1009 3159 1196 Intee. Bezalt mit 15 " - " -
745 1401 2732 1578 Dito dem Iohann Parzen von seinen
818 1574 2681 1677 anligendten 500 f. die Biß 19.ten
818 1675 2711 1785 diss auf ain Iahr verfallene Intee.
797 1730 3159 1913 Bezalt mit 25 " - " -
742 2080 2745 2251 Dito dem Iohann Georg Ioseph Hoch
792 2253 2707 2342 enebner von anligendten undt
785 2344 2712 2456 Zur Capellen h. Augustini vor dem
809 2457 2694 2573 Chärner Thor gehörigen 600 f. die
825 2576 2661 2689 Biß 2.ten diss auf ain Iahr ver
817 2610 3164 2806 fallene Intee. Bezalt 30 " - " -
757 2940 2645 3092 Dito Bezalte ich dem herren Patri
827 3087 2664 3193 Gerardo Hilleprandt Soc. Iesu undt
826 3183 2721 3303 Regenti in dem Kay. Convict ad. Ham.
829 3306 2697 3408 Barbaram alhier von anligend und
807 3412 2704 3522 Zur Congregation Stæ. Barbaræ alda ge
811 3524 2666 3634 hörigen 200 f. die Biß 19.ten diss
826 3541 3182 3760 auf ain Iahr verfallene Intee. mit 10 " - " -
764 3867 2703 4025 Dito dem herren Iohann Gottlieb
822 4018 2733 4177 Schaffnath von seinen anligendten
2650 4027 3175 4265 80 " - " -
5610 454 6105 537 f. kr d
3657 551 5486 683 4000 f. die Biß 8.ten diss auf ein
3653 683 6181 825 Viertl Iahr verfallene Intee. mit 50 " - " -
3632 995 5543 1158 Ingleichen von anligendten 3000 f. die
3646 1149 5578 1251 Bis 8.ten diss auf ein Viertl Iahr
3649 1250 6196 1385 verfallene Intee. Bezalt mit 37 " 30 " -
3622 1543 5571 1723 Dito dem Ioseph Lieber von seinen
3685 1705 5507 1823 anligendten 250 f. die Biß 22.ten
3680 1812 5539 1930 diss auf ein halbes Iahr verfallene
3743 1917 6185 2057 Intee. Bezalt mit 6 " 15 " -
3633 2214 5615 2378 Dito der Frauen Manna Anna Nigglin
3696 2367 5466 2492 von ihren anligendten 1000 f. die
3678 2469 5530 2596 Biß 23.ten diss auf ain Iahr ver
3654 2592 6189 2731 fallene Intee. Bezalt mit 50 " - " -
3666 2881 5439 3050 Dito denen P. P. Minoriten von
3681 3045 5562 3160 ihren anligendten 4000 f. die Biß
3666 3152 5490 3276 23 ten diss auf ain Iahr verfal
3663 3277 6180 3413 lene Intee. Bezalt mit 200 " - " -
3682 3552 5518 3711 Dito Bezalte ich der Frauen Maria
3703 3700 5483 3819 Barbara Kölblin von ihren anli
3675 3814 5477 3924 gendten 6000 f. die Biß 25.ten
3745 3912 5632 4038 diss auf ein halbes Iahr verfallene
3660 4039 6180 4185 Intee. mit 150 " - " -
5489 4171 6177 4254 493 " 45 " -
