6442 4883
2752 472 3185 600 f. kr d
790 553 2626 718 Den 28.ten dito Bezalte ich der
844 706 2632 806 Anna Maria Grinnsteidlin von
845 813 2616 914 ihren anligendten 500 f. die Biß
825 918 2706 1027 anheündt auf ein halbes Iahr ver
834 991 3194 1153 fallene Intee. mit 12 " 30 " -
769 1328 2740 1496 Den 29.ten dito Bezalte ich dem Herren
863 1487 2730 1603 LorenZ von Gunttenberg von seinen
853 1599 2731 1710 anligendt gewesten 4000 f. annoch
836 1709 2685 1823 hafftendten 3000 f. die von 1. April
848 1823 2653 1937 734. Biß 29.ten Martii 735. auf 11
856 1937 2679 2054 Monath verfallene Intee. mit 137 f
858 2057 2739 2169 30 kr. dann über die am Capital aber
829 2173 2750 2288 mahlen Empfangene 600 f. von noch
867 2291 2712 2399 verblibenen 2400 f. die Biß anhero
873 2396 2743 2507 auf 2 Monath verfallene Intee. mit
859 2516 2745 2619 20 f. Zusamben also inhalt vorn
865 2625 2707 2754 Sub Ꞥo. 648. allegierter quittung
893 2724 3187 2874 mit 157 " 30 " -
808 2983 2698 3144 Den 30.ten dito denen P.P. Serviten
887 3139 2634 3248 von ihren anligendten 2000 f.
879 3236 2649 3334 die Biß anheündt auf ein halbes
869 3263 3183 3453 Iahr verfallene Intee. Bezalt mit 50 " - " -
830 3578 2666 3734 Dito dem herren Iohann Navaro
888 3713 2804 3832 von seinen noch hafftendten 19000 f
877 3816 2681 3931 die Biß anheündt auf ein Viertl
851 3910 2785 4041 Iahr verfallene Intee. Bezalt Lauth
883 4041 2715 4177 vorn Sub Ꞥo. 649. allegierter quitt.
916 4064 3184 4276 mit 237 " 30 -
2651 4142 3184 4390 457 " 30 " -
5656 490 6174 589 f. kr d
3666 580 5586 731 Dito Bezalte ich dem Leopoldt Schwein
3697 738 5512 825 hamer von seinen anligendten
3715 832 5579 944 300 f. Cautions Capital die Biß 12.ten
3712 950 5608 1064 diss auf ain Iahr verfallene Intee.
3722 1057 6196 1165 mit 15 " - " -
3652 1351 5661 1520 Dito dem herren Franz Carl Teütscher
3708 1514 5684 1615 von seinen anligendten 4500 f.
3711 1611 5528 1723 die Biß 9.ten diss auf ein halbes
3677 1718 6200 1865 Iahr verfallene Intee. mit 112 " 30 " -
3644 2033 5553 2188 Dito dem Leopoldt Göllert von denen
3715 2168 5614 2303 durch ihme in Nahmen seines Sohns
3727 2301 5480 2419 angelegten 300 f. die Biß 10.ten
3723 2405 5525 2533 diss auf 2. Iahr verfallene Intee.
3706 2543 6263 2664 Bezalt mit 30 " - " -
3709 2814 5453 2975 Dito dem herren Iohann Egidio
3711 2970 5610 3100 Schönhueth von seinen anligendten
3717 3086 5514 3208 3400 f. die Biß 5.ten diss auf ein
3707 3204 5577 3339 halbes Iahr verfallene Intee. Bezalt
3722 3343 6237 3452 mit 85 " - " -
3657 3556 5544 3710 Dito Bezalte ich der Frauen Maria
3690 3696 5515 3830 Elisabeth Schönhuethin von ihren
3721 3815 5534 3936 anligendten 2000 f. die Biß 2.ten
3723 3921 5557 4047 diss auf ein halbes Iahr verfal
3680 4058 6240 4199 lene Intee. mit 50 " - " -
5641 4199 6243 4306 292 " 30 " -
