6385 4856
2690 407 3132 524 f. kr d
767 620 2583 789 Den Letzten dito Bezalte ich dem
817 786 2557 904 Löbl. Iungfrau Closter bey St.
799 891 2721 1012 Vrsula alhier von ihren anligendten
847 1005 2639 1121 1000 f. die Biß 17.ten diss auf ein
839 1081 3156 1263 halbes Iahr verfallene Intee. mit 25 " - " -
765 1444 2635 1620 Ingleichen von ihren anligendten
826 1604 2586 1723 1500 f. die Biß 27.ten diss auf
831 1710 2634 1853 ein halbes Iahr verfallene Intee.
839 1813 3165 1970 Bezalt mit 37 " 30 " -
790 2114 2733 2271 Item von ihren anligendten 1000 f
841 2261 2638 2368 die Biß 29.ten diss auf ein halbes
822 2319 3166 2500 Iahr verfallene Intee. Bezalt mit 25 " - " -
798 2644 2752 2842 Dito Bezalte ich herren Anthoni Massing
823 2820 2665 2940 I. u. Dri von denen noch hafftendten
812 2932 2597 3058 undt anheündt erhebten Mathiæ
834 3050 2645 3175 Antoni Welßnerischen 300 f. die von
844 3168 2655 3285 6.ten Maii 734. Biß anheündt auf
833 3286 2606 3408 ain Iahr undt 24. Täg verfallene
824 3393 2623 3526 Intee. Lauth vorn Sub Ꞥo. 659. alle
810 3519 2691 3648 gierten Vollmacht undt darauf ge
799 3546 3175 3778 stelter quittung mit 16 " - " -
784 3890 2760 4056 Dito Bezalte ich dem herren Roman
838 4038 2783 4190 von qua r i n t pfarrer Zu Vnter Nälb
2522 4014 3163 4284 103 " 30 " -
5593 455 6116 541 f. kr d
3660 525 5476 667 von anligendten undt Zur pfarr
3676 674 5525 770 Kierchen alda gewidtmeten 300 f.
3690 771 5556 877 die Biß 20.ten Martii auf ain Iahr
3700 877 6160 1015 verfallene Intee. mit 15 " - " -
3619 1227 5562 1412 Dito Bezalte ich dem Löbl. Prob hauß
3657 1402 5514 1517 Soc. Iesu Bey St. Anna alhier von
3646 1520 5475 1628 ihren anligendten 2500 f. die Biß
3656 1632 5606 1761 29.ten diss auf ain Iahr verfallene
3645 1763 6181 1894 Intee. mit 125 " - " -
3669 2063 5553 2238 Den Ersten Iunii Bezalte ich dem
3686 2232 5586 2353 herren Iacob Zechetner von seinen
3689 2352 5636 2457 anligendten 1000 f. die Biß anheündt
3664 2463 5488 2594 auf ain Iahr verfallenen Interesse
3692 2588 6227 2712 mit 50 " - " -
3647 2895 5573 3061 Dito der Frauen Bibiana Schmidtin
3688 3064 5583 3188 von denen für ihrn Tochter Bibianam
3686 3192 5569 3299 angelegten 500 f. die Biß anheündt
3693 3303 5467 3421 auf ein halbes Iahr verfallene
3676 3422 6193 3566 Intee. Bezalt mit 12 " 30 " -
3642 3679 5533 3835 Dito der Frauen Maria Theresia
3668 3835 5527 3938 Apolonia Schmidtin von ihren an
3661 3937 5572 4043 ligendten 1000 f. ain Iahrs Intee. biß
3667 4036 6217 4170 an heündt Bezalt mit 25 " - " -
5482 4177 6169 4298 227 " 30 " -
