6416 4860
2780 426 3138 552 f. kr d
784 594 2611 758 Den 20.ten dito bezalte ich dem
822 739 2672 852 Michael Podenrichter von seinen
862 810 2803 964 anliegendten 2000 f. die Biß anheündt
841 936 2578 1064 auf ein halbes Iahr verfallene
826 972 3174 1172 Intee. mit 50 " - " -
787 1366 2518 1540 Den 21.ten dito bezalte ich der
827 1514 2633 1639 Maria Iustina Kränzlerin von
849 1633 2634 1746 von ihren anligendten 2000 f.
872 1728 2689 1849 die Biß 17.ten diss auf ein halbes
844 1766 3183 1959 Iahr verfallene Intee. mit 50 " - " -
827 2121 2579 2289 Dito dem herren Franz Götz
859 2229 2701 2378 Kirchenmaister Bey St. Stephan
872 2366 2636 2500 von anligendten Zu ermelter
881 2455 2678 2583 Kirchen gehörigen 400 f. die Biß
878 2555 2796 2701 6.ten diss auf ain Iahr verfallene
884 2584 3182 2799 Intee. Bezalt mit 20 " - " -
855 2902 2751 3091 Ingleichen von anligendten undt Zu
896 3069 2686 3186 ermelter Kirchen gehörigen
911 3158 2747 3290 2000 f. die Biß 2.ten diss auf ain
893 3155 3193 3400 Iahr verfallene Intee. Bezalt mit 100 " - " -
845 3511 2749 3669 Dito der Frauen Anna Eua Pixen
848 3652 2781 3770 maisterin von ihren anligendten
907 3763 2664 3889 5000 f. die Biß anheündt auf ein
923 3870 2734 4012 halbes Iahr verfallene Interesse
950 3876 3206 4143 Bezalt mit 125 " - " -
2843 3952 3207 4215 345 " - " -
5518 463 6108 590 f. kr d
3642 538 5441 694 Den 21.ten dito Bezalte ich dern
3690 699 5554 819 Carl Ludwig Weydmann von seinen
3688 824 5493 924 anligendten 340 f. die Biß 19.ten
3653 924 5461 1041 diss auf ein halbes Iahr verfal
3625 1031 6146 1155 lene Intee. mit 8 " 30 " -
3612 1299 5600 1462 Dito dem herren Ferdinandt Frölich
3683 1453 5511 1550 von seinen anligendten 1500 f
3682 1544 5454 1659 die Biß 19.ten diss auf ein halbes
3622 1655 6140 1799 Iahr verfallene Intee. bezalt mit 37 " 30 " -
3612 1928 5559 2081 Dito dem Iohann Georg Schuechhein
3692 2075 5391 2191 von seinen noch hafftendten
3690 2168 5565 2304 dipplischen 2000 f. die Biß anheündt
3685 2292 5476 2428 auf ain Iahr verfallene Intee. Be
3617 2401 6146 2540 zalt mit 100 " - " -
3627 2687 5435 2839 Dito denen P. P. Franciscanern Zu
3660 2823 5502 2934 St. Pölten von ihren anligendten
3665 2921 5411 3057 500 f. die Biß 7.ten diss auf ain
3641 3027 6145 3182 Iahr verfallene Intee. mit 25 " - " -
3620 3296 5389 3461 Dito dem Iohann Schullner von
3624 3441 5523 3560 seinen anligendten 1500 f die Biß
3629 3551 5547 3681 23.ten April auf ain Iahr verfallene
3640 3675 6139 3803 Intee. bezalt mit 75 " - " -
3580 3924 5514 4119 Dito bezalte ich der Frauen Maria
5418 4061 6190 4222 246 " - " -
