6410 4854
2739 428 3167 538 f. kr. d
764 609 2624 763 Dito Bezalte ich der Frauen Maria
758 760 2586 859 Martina Geissenhoffin von ihren
779 862 2697 967 noch hafftendten 700 f. die Biß 26.ten
789 975 2624 1082 diss auf ain Monath verfallene
802 1034 3175 1195 Intee. mit 2 " 55 " -
728 1421 2667 1578 Dito der Frauen Maria Elisabeth
765 1578 2718 1702 Schönhuethin von ihren anligendten
794 1697 2634 1820 600 f. die Biß 26.ten diss auf ein
789 1812 2643 1950 halbes Iahr verfallene Intee. Be
763 1890 3173 2075 zalt mit 15 " - " -
746 2233 2613 2405 Dito dem herren Iohann Leopoldt
785 2402 2543 2516 Moßbach undt Anna Theresia
799 2520 2624 2639 dessen Ehewürthin von ihren
825 2629 2717 2741 anligendten 3000 f. die Biß 27.ten
832 2745 2728 2864 diss auf ein halbes Iahr verfallene
822 2829 3173 2998 Intee. BeZalt mit 75 " - " -
800 3166 2612 3319 Dito der Frauen Maria Barbara
835 3310 2776 3421 Gebhardtin von ihren anligendten
818 3418 2725 3530 2000 f. ein halb Iähriges Intee. Biß
864 3485 3190 3655 27.ten diss Bezalt mit 50 " - " -
807 3766 2768 3919 Dito denen P. P. Camaldulensern auf
865 3914 2846 4019 dem Ioseph Berg von ihren anligendten
866 4019 2691 4144 1000 f. ain Iahrs Intee. Biß 27.ten
884 4040 3198 4280 diss Bezalt mit 50 " - " -
2650 4112 3195 4367 192 " 55 " -
5639 457 6151 546 f. kr d
3656 510 5519 692 Dito Bezalte ich dem Löbl. Iungfrauen
3703 681 5427 794 Closter Mariæ Haimsuechung am
3737 777 5647 922 Rennweeg alhier von ihren anligendten
3721 884 5533 1017 3000 f. die Biß 27.ten diss auf ein
3717 970 6210 1148 halbes Iahr verfallene Intee. mit 75 " - " -
3651 1298 5610 1477 Dito der Frauen Anna Rosalia Rausch
3683 1459 5525 1564 erin von ihren anligendten 2000 f.
3698 1536 5502 1677 die Biß 23.ten diss auf ein halbes
3683 1638 6181 1789 Iahr verfallene Intee. Bezalt mit 50 " - " -
3644 1952 5487 2131 Dito der Frauen Ottiliæ Sophiæ von
3706 2091 5517 2238 Haußgnoß von denen durch Selbe
3716 2215 5469 2377 für ihren Sohn Augustin ange
3709 2329 5467 2477 legten 1000 f. die Biß 26.ten diss
3727 2453 5458 2609 auf ein halbes Iahr verfallene
3718 2553 6200 2702 Intee. Bezalt mit 25 " - " -
3680 2825 5442 3017 Dito der Frauen Maria Barbara
3709 2984 5466 3112 Gilnerin gebohrnen Helmerin
3709 3075 5523 3224 von ihren anligendten 1050 f. die
3743 3179 5444 3325 Biß 28.ten diss auf ein halbes
3825 3234 6203 3428 Iahr verfallene Intee. Bezalt mit 26 " 15 " -
3726 3562 5478 3754 Dito der Maria Anna Hakherin
3773 3722 5525 3865 von ihren anligendten 3500 f.
3764 3818 5559 3974 die Biß 13.ten diss auf ein halbes
3703 3931 6198 4104 Iahr verfallene Intee. Bezalt mit 87 " 30 " -
5516 4095 6196 4216 263 " 44 " -
