4841 3676
670 491 1853 653 auf Quatember Michaeli gebiehrendte
657 640 1846 767 Sechs vnnd Funfftzig gulden rh. ver
641 674 2419 875 müg Quittung so hiebey Idest 56. f - s - d.
583 1052 1804 1204 Den .24. dito Zalte Ich dem Iungfrauen
661 1191 1808 1307 Closter Zu St. Iacob die auf diser Qua
646 1295 1896 1414 tember Michaelis von Ihren Capital
668 1398 1812 1522 verfallenen Interessen Benent
641 1510 1884 1626 lichen Fünff vnnd dreissig gulden rh.
642 1555 2409 1747 4 s. 14 d. ut Quittung hiebey Idest 35 f 4 s 14 d.
586 1909 1834 2082 Den .29. dito Zalte Ich dem Ehrwürdigen
653 2064 1812 2185 Thumb Capitl Neutra die Innen mit
658 2184 1821 2304 disem dato verfallene Interesse Be
637 2287 1905 2411 nentlichen Ainhundert Neüntzig gulden
658 2324 2423 2537 vermüg Quittung so hiebey Idest 190 f - s - d.
570 2637 1883 2820 Den Lesten dito Zalte Ich in das Profeß
629 2799 1971 2935 hauß alhier die auf das Monath Septembris
651 2916 1815 3059 gebiehrendte Funfftzig gulden rh.
843 3135 1862 3322 Lattus 281 f 4 s 14 d.
2974 464 4720 638 vermüg Quittung so hiebey Idest 50 f - s -
2991 725 4121 889 Ingleichen Zalte Ich Herrn Marthin
3012 889 4158 1014 Rößler Pfarrern Zu St. Veith die von
2998 999 4142 1111 Georgi bis Michaeli dies Iahr gebiehr
2997 1097 4194 1221 endte halb Iährige VerZünsung Be
2992 1210 4195 1337 nentlichen Zwölff gulden rh. vermüg
2995 1319 4711 1470 Quittung so hiebey Idest 12 f - s -
2926 1585 4171 1752 Den Ersten October beZalte Ich Herrn
3024 1730 4140 1851 Alberto Alber Chor Caplan Zue St.
3018 1844 4158 1955 Stephann die weegen der Chor Ca
2998 1944 4242 2075 planii stell auf das Monath Augustii
3013 2046 4172 2162 vnnd September gebiehrendte Acht
3000 2158 4165 2281 gulden rh. vermüg Quittung so hie
2986 2251 4681 2400 bey Idest 8 f - s -
2960 2501 4084 2670 Ebnermassen Zalte Ich dem Ehr
2980 2655 4138 2783 würdigen Herrn Georgis Siessen
2989 2767 4160 2886 Canonico Zu St. Stephann weegen der
2988 2875 4187 3012 Elisabetha Weisbacherin seel. Stifftung
3184 3116 4206 3326 Lattus 70 f - s - d.
