4817 3681
659 512 1786 662 Pündter seiner Ehewierthin Eua
670 656 1822 777 gewesen Fäsoldtischen Khochin die
664 770 1876 894 Ienige auß der Frantz Emerichischen
659 873 1783 996 Stifftung Zue ainer Hurathsteur
671 989 1797 1101 von ainem Löbl. Statt Rath mit g.
671 1097 1761 1218 angeschaffte Fünffvnnd Zwaintzig
671 1204 1933 1314 gulden rh. vermüg Zwayer Anbringen
668 1306 1931 1435 vnnd darauf neben ainer Passtierung
649 1375 2379 1561 gestelten Quittung so hiebey Idest 25 f - s -
623 1695 1795 1852 Den Lesten dito Zalte Ich Herrn P.
651 1846 1791 1969 Albertho Wilpfenhoffer des Prafeß
653 1959 1903 2073 hauß Procuratorn die auf das Monath
655 2067 1814 2188 Iulii vnnd Augustii Zway Monatliche
672 2169 1841 2284 deputat Benentlichen Ainhundert
669 2280 1815 2402 gulden rh. vermüg Quittung so
659 2308 2391 2500 hiebey Idest 100 f - d -
621 2663 1750 2811 Den 11. September gabe Ich Herrn
668 2803 1860 2935 Hartman Drachen des Innern Raths
664 2926 1832 3051 vnnd vber der Hauß Armen Leuth
815 3122 1984 3330 Lattus 125 f - s - d.
3006 425 4136 607 Laadt Verwaltern in abschlag der
3009 609 4074 722 Zu Ermelter Laadt gewöhntlichen
2991 707 4126 827 Interessen Benentlichen Ainhun
2980 816 4109 934 dert Funfftzig gulden rh. vermüg
2968 888 4743 1061 Quittung so hiebey Idest 150 f - s -
2976 1107 4101 1259 Den .20. dito Zalte Ich Herrn Iohann
2989 1244 4203 1371 Brugger Chormaistern Zu St. Stephann
2993 1348 4146 1466 wegen der Matur oder Fruehemäß
2982 1432 4167 1576 die auf Michaeli dis Iahr gebiehrendte
2983 1559 4147 1689 Siben gulden .2. d vermüg Quittung
2992 1651 4689 1820 so hiebey Idest 7 f 2 s -
2978 1953 4212 2158 Eodem die Zalte Ich Herrn Stotzen Leuitn
3002 2126 4160 2255 Zu St. Stephann die auf Quatember
2990 2231 4196 2358 Michaeli dis Iahr weegen des Beneficii
2994 2340 4118 2463 S. S. Trinitatis gebiehrendte Zwaintzig
2987 2423 4733 2597 gulden rh. ut Quittung so hiebey Idest 20 f - s -
2968 2702 4167 2881 Insgleichen Zalte Ich Ihme Herrn Stotzen
3001 2860 4147 2995 weegen das Beneficii Saluatoris das
3212 3078 4297 3296 Lattus 177 f 2 s - d.
