4839 3742
683 586 1906 748 gulden rh. vermüg Quittung so hie
658 693 2336 861 bey Idest 50 f - s -
637 1019 1823 1170 Den bemelten tag beZalte Ich Herrn
677 1168 1821 1285 Iohann Brugger Chormaistern Zu St.
662 1267 1846 1383 Stephann weegen der Täglich haltendten
655 1377 1818 1495 Matur oder fruehmeß daselbsten
662 1480 1829 1596 die mit H. Phüngsten dis Iahrs da
664 1588 1854 1712 uon verfallene Siben gulden 2 s ut
648 1613 2393 1823 Quittung so hiebey Idest 7 f 2 s d.
632 1939 1884 2131 Eodem die Zalte Ich Herrn Christophero
671 2118 1794 2248 Stotzen Priester vnnd Leuiten Zue
665 2232 1792 2343 Stephann weegen des Beneficii S. S.
652 2338 1779 2453 Trinitatis das H. Phüngsten dis
681 2439 1858 2551 Iahrs verfallene Quartals deputat
676 2549 1828 2656 Benentlichen Zwaintzig gulden rh.
672 2576 2363 2772 vermüg Quittung so hiebey Idest 20 f - s -
649 2886 1869 3084 Ingleichen Zalte Ich gedachtem Herrn
840 3156 1965 3374 Lattus 77. f 2 s - d.
2986 462 4125 632 Stotzen weegen des Beneficii ad
3013 630 4093 752 Saluatorem das mit Quotember
3017 747 4117 868 Phüngsten dis Iahr verfallene de
3007 851 4192 975 putat Benentlichen Sechs vnd funff
2976 963 4127 1087 Zig gulden rh. vermüg Quittung
3018 1046 4743 1218 so hiebey Idest 56 f - s -
2954 1288 4144 1461 Den .26. dito Zalte Ich Herrn Iohann
3036 1441 4097 1576 Iacoben von Scholtzen J. V. D. vnnd
3029 1564 4183 1689 Stattschreibern von seinen bey Gema.
3026 1678 4129 1800 Statt gegen Sechs Pr. cento von .26.
3037 1782 4233 1915 Iunii 638. Ligenthabendthen ZwayTau
3020 1899 4119 2013 sent gulden Capital das dauon
3038 2001 4168 2122 für dis Iahr verfallene Interesse
3026 2112 4144 2229 Benentlichen Ainhundert Zwaintzig
3059 2218 4194 2347 gulden rh. vermüg Quittung so hie
3015 2285 4714 2459 bey Idest 120 f - s -
2978 2575 4274 2744 Den Lesten dito Zalte Ich Herrn Stephann
3050 2726 4196 2854 Romauer Khay. Castnern vnd Saltz
3043 2842 4161 2980 Versilbern Zu Newsidl von seinen
3300 3030 4372 3255 Lattus 176. f - s - d.
