4795 3704
641 473 1803 671 Gema. Statt Ligendten Capital das
666 666 1815 781 von .29. Decembris 641. bis wider
656 773 1814 887 29. Maii .642. verfallene halb Iährige
652 877 1792 990 Interesse Benentlichen Zwayhun
641 980 1857 1095 dert Zehen gulden rh. vermüg Quit
656 1016 2369 1201 tung so hiebey Idest 210 f - s - d.
586 1315 1850 1479 Den .6. Iunii Zalte Ich Herrn Hartman
633 1467 1842 1578 Drachen des Innern Raths vnd vber
640 1570 1782 1681 der hauß Armen Leuth Laadt Ver
637 1677 1747 1778 walter in abschlag der Zu Er
638 1778 1803 1885 melter Laadt gehörig verfallenen
655 1878 1797 1995 Interessen Benentlichen Ainhun
636 1988 1834 2112 dert Funfftzig gulden rh. vermüg
645 2052 2345 2229 Quittung so hiebey Idest 150 f - s -
596 2396 1888 2595 Eodem die beZalte Ich obgemeltem herrn
636 2572 1851 2686 Drachen von denen Ienigen durch
615 2672 1809 2802 Wey. Iohann Bayt Morätzen seel. Zu
646 2785 1816 2908 Ermelter Burger Laadt Verschafften
658 2891 1904 3049 Tausent gulden Capital das dauon
850 3122 1921 3336 Lattus 360. f - s - d.
2996 488 4121 634 bis St. Petry vnnd Paulii verfal
2996 625 4143 748 lene fünff Viertl Iährige Interesse
3012 737 4107 862 Benentlichen Fünff vnd Sibentzig
3014 845 4153 970 gulden rh. vermüg Quittung so hie
2978 922 4784 1092 bey Idest 75 f - s - d.
2953 1178 4216 1368 Den 13. dito Zalte Ich in das Ehrwür.
3014 1349 4186 1479 Iungfrauen Closter St. Iacob von Ihren
3017 1460 4176 1578 bey Gema. Statt anligendten Capital
3007 1574 4140 1685 das mit .11. dis dauon verfallene
2996 1677 4150 1794 Quatemberliche Interesse Benent
2979 1781 4194 1883 lichen Fünff vnnd dreissig gulden rh.
3046 1845 4778 2030 4 s 14 d. ut Quittung so hiebey Idest 35 f 4 s 14 d.
2952 2095 4150 2302 Den .14. dito Zalte Ich dem Wolgebohr
3018 2283 4195 2400 nen Herrn Hanns Paul Woltzogen
3014 2387 4122 2497 Freyherrn von denen bey Gema.
2997 2486 4196 2608 Statt Wienn Ligendten vnnd Ihme Zue
2998 2594 4250 2705 stendigen Aintausent gulden Capital
3020 2694 4157 2801 das auf dis Iahr dauon verfallene
3026 2797 4129 2937 Interesse Benentlichen funfftzig
3209 3032 4273 3257 Lattus 110 f 4 s 14 d.
