4789 3710
674 467 1885 648 Benentlichen VierZig gulden rh. ver
699 599 2349 790 müg Quittung so hiebey Idest 40 f - s -
646 858 1804 1061 Den .26. dito Zalte Ich Herrn Iohann
708 1049 1839 1157 Häringshauser des Innern Statt
702 1145 1834 1258 Raths alhier von seinen bey Gema.
702 1250 1826 1364 Statt Ligendten Capital der Ain
713 1348 1847 1466 Taußent gulden das von Michaeli
719 1458 1836 1589 641. bis Georgi 642. verfallene
718 1576 1846 1699 halb Iährige Interesse Benentlichen
681 1687 1902 1816 Dreissig gulden vermüg Quit
729 1707 2376 1939 tung so hiebey Idest 30 f - s - d
629 2069 1783 2215 Den .30. dito Zalte Ich Herrn Alberth
687 2206 1839 2338 Alber Chor Caplan Zu St. Stephann
716 2332 1888 2444 weegen der Chor Caplaney daselbsten
706 2434 1933 2545 das auf das Monath Ianuarii febr.
701 2540 1923 2655 vnnd Martii drey Monatliche deputat
692 2642 1852 2771 Benentlichen Zwölff gulden rh. ver
695 2665 2368 2886 müg Quittung so hiebey Idest 12 f - s - d.
887 3002 1956 3238 Lattus 82 f - s - d.
2924 417 4211 582 Den Lesten dito Zalte Ich in das alhieige
2960 568 4088 698 Prafeßhauß derselben Procuratorn
2974 688 4036 809 das auf dis Monath von Gema.
2988 801 4068 913 Statt weegen raichendte deputat
2978 906 4088 1021 Benentlichen Funfftzig gulden rh.
2966 1001 4662 1156 vermüg Quittung so hiebey Idest 50 f - s -
2923 1299 4151 1460 Den Lesten dito Zalte Ich Herrn Hart
3003 1448 4061 1564 man Drachen des Innern Raths
3004 1557 4119 1672 vnnd vber der hauß Armen Leuth
2987 1671 4137 1789 Laadt Verwaltern von denen bey
2964 1782 4140 1917 Gema. Statt Ligendten dahin gehörig
2994 1899 4135 2018 Capitalien verfallenen Interessen
3002 2010 4082 2116 in abschlag deren Benentlichen
2976 2109 4118 2247 Zwayhundert gulden vermüg
2967 2213 4694 2382 Quittung so hiebey Idest 200 f - s -
2944 2505 4123 2670 Den Lesten dito Zalte Ich auch dem Ehr
2977 2652 4062 2773 würdigen Thumb Capitl Agramb
2980 2766 4144 2888 weegen des bey Gema. Statt Wienn
3098 2962 4252 3198 Lattus 250 f - s - d.
