4787 3671
497 513 1725 672 Den bemelten tag beZalte Ich Ihr g.
599 662 1759 790 Herrn Carl Perger N.Ö. Reg. Cantz
587 785 1682 896 lern alß der Stainstrasserischen
589 891 1727 1000 Stifftung Verordneten Superintenden
596 995 1762 1108 Zuhandten Frauen Rosina Bonäum
595 1106 1803 1222 anstatt Ihres Sohns Ignatii Stipendiaten
594 1218 1822 1324 in abschlag der weegen ermelten Stiffts
594 1318 1759 1432 verfallenen Interessen Benentlichen
572 1435 1755 1565 Funfftzehen gulden rh. vermüg Quit
571 1509 2293 1696 tung so hiebei Idest 15 f - s -
546 1887 1744 2057 Den .26. dito Zalte Ich Herrn Albertho
591 2039 1702 2156 Alber Chor Caplan Zu St. Stephann
583 2151 1791 2258 weegen der Chor Caplaney daselbsten
602 2253 1765 2374 das auf das Monath April May Iunii
600 2368 1762 2488 vnnd Iulii gebiehrendte Vier Monath
592 2477 1757 2605 liche deputat Benentlichen Sechtzehen
598 2545 2250 2722 gulden rh. ut Quittung hiebey Idest 16 f - s -
532 2844 1791 3029 Den Lesten dito Zalte Ich Herrn Iohann
752 3112 1854 3343 Lattus 31 f - s - d.
2954 475 4043 627 Prieschenckhen des Aussern Raths
2955 619 4078 726 vnnd Gema. Statt Verordneten ober
2938 719 4063 842 Raithandlern weegen des Iob Prie
2938 837 4081 955 schenkhischen bey Gema. Statt Ligendten
2943 942 4140 1066 Capitals der fünfftzehenhundert gulden
2954 1058 4091 1173 das mit khünfftig Lesten Decembris dis
2948 1161 4082 1281 Iahrs dauon verfallendte Iahrs Inte
2928 1264 4112 1384 resse Benentlichen Neüntzig gulden
2929 1350 4650 1534 rh. vermüg Quittung so hiebey Idest 90 f - s -
2898 1638 4127 1798 Den .7. Augustii beZalte Ich Herrn Hart
2965 1792 4099 1902 man Drachen des Innern Raths vnd
2960 1899 4027 2011 ober der hauß Armen Leuth Laadt
2955 2004 4101 2119 Verwaltern in abschlag der bey Gem.
2953 2113 4114 2223 Statt Wienn anligendten ermelter
2952 2220 4111 2334 Laadt Zuegehörigen Capitalien dauon
2952 2322 4116 2433 verfallenen Interessen Benentlichen
2926 2417 4133 2537 Ainhundert Funfftzig gulden rh. ver
2944 2522 4630 2683 müg Quittung so hiebey Idest 150 f - s -
2911 2763 4088 2953 Den .27. dito Zalte Ich Adamen Edterer
3157 3001 4270 3215 Lattus 240 f - s - d.
