4805 3724
691 533 1844 712 bey Gema. Statt anligenthabendten
672 707 1881 840 Funfftzehenhundert gulden Capital
641 826 1808 939 das dauon nach verblibene ver
644 935 1767 1056 fallene Interesse Benentlichen
654 1046 1838 1167 Fünff vnndVierZig gulden rh. ver
647 1103 2361 1293 müg Quittung so hiebey Idest 45 f - s -
618 1359 1834 1552 Eodem die Zalte Ich Herrn Iohann Guil
656 1535 1762 1655 helmo Mannagetha der Artzney
655 1646 1778 1782 Doctorn Zu vnderhaltung der Frantz
632 1771 1768 1901 Emerichischen Stifftendiaten das
662 1884 1803 2007 auf dis Iahr von Ihren ZwayTau
665 1987 1830 2110 sent gulden Capital gebiehrendte
669 2110 1832 2226 Interesse Benentlichen Funfftzig
674 2213 1813 2337 gulden rh. vermüg Quittung so
666 2257 2336 2449 hiebey Idest 50 f - s -
655 2584 1780 2737 Den Lesten dito Zalte Ich auch dem
674 2731 1860 2846 Ehrwürdig. vnnd Geistlichen Herrn
675 2830 1842 2976 P. Albertho Wilpfenhoffer des Profeß
675 2951 1829 3101 hauß Procuratorn das auf dis Mo
879 3160 1928 3399 Lattus 95. f - s - d.
2969 483 4136 637 nath dahin gewöhntlich raichendte
2979 626 4188 759 Funfftzig gulden rh. vermüg Quit
2976 724 4724 909 tung so hiebei Idest 50 f - s -
2903 954 4118 1142 Den Ersten Iulii Zalte Ich der Röm.
2976 1126 4219 1260 Khayserl. May. Statt Richtern Herrn
2980 1242 4175 1362 Friderichen Höffer von seinen bey
2963 1349 4145 1472 Gema. Statt Ligendten ZwayTausent
2994 1452 4271 1571 gulden Capital ain dauon mit disem
2986 1549 4134 1674 Monath verfallenes halb Iähriges In
2967 1651 4204 1787 teresse Benentlichen Sechtzig gulden
3010 1747 4704 1920 rh. vermüg Quittung so hiebey Idest 60 f - s -
2967 2041 4202 2230 Den .16. dito Zalte Ich Frauen Catharina
2996 2208 4125 2330 Barbara Prudentin Wittib in ab
3003 2330 4113 2450 schlag Ihrer bey Gema. Statt Ligendten
3016 2433 4209 2555 Capital Pr. Neüntzehenhundert gulden
2996 2544 4191 2670 dauon verfallene Interessen Be
2996 2659 4203 2783 nentlichen Fünfftzig gulden rh. ver
2994 2749 4728 2917 müg Quittung so hiebey Idest 50 f - s -
3151 3042 4392 3284 Lattus 160. f - s - d.
