4788 3710
606 525 1815 676 Ebenermassen Zalte Ich Ihme herrn
622 669 1750 793 Iobsten von denen Ainhundert
637 774 1772 898 gulden Capital so Zu obengedachter
663 885 1785 1017 löbl. Bruederschafft gehörig das auf
638 995 1919 1111 dis Iahr dauon gebührendte Interesse
623 1096 1825 1213 Begentlichen fünff gulden rh. ver
624 1115 2378 1316 müg Quittung so hiebey Idest 5 f - s - d.
538 1397 1774 1596 Den .2. dito Zalte Ich Ebensfals dem Ehr
640 1593 1798 1709 würdigen in Gott Geistlichen Herrn
633 1704 1784 1831 Georgio Siessen Doctorn vnnd Canonico
644 1822 1703 1929 Zu St. Stephann von der Elisabetha
638 1922 1838 2039 Weisbacherin seel. Stifftung der Zway
630 2027 1821 2140 hundert funfftzig gulden das auf
632 2133 1805 2249 Ietzt Georgi verfallene halb Iährige In
617 2243 1842 2363 teresse Benentlichen Sechs gulden 2 s
632 2277 2343 2486 vermüg Quittung so hiebey Idest 6 f s - d.
559 2625 1815 2772 Den .2. dito Zalte Ich Herrn Hartman
594 2768 1821 2884 Drachen des Innern Raths vnd vber
625 2879 1794 3017 der hauß Armen Leuth Laadt Ver
779 3094 1861 3344 Latus 11. f 2 s - d.
2964 436 4159 656 waltern weegen der Graff Sallnischen
2993 630 4123 736 bey Gema. Statt Ligendten Stifftung
2998 725 4071 843 das mit .4. Maii dis Iahr dauon
2990 826 4192 948 verfallene Iahrs Interesse Benent
2959 941 4161 1061 lichen Funfftzig gulden rh. vermüg
3000 1026 4685 1195 Quittung so hiebey Idest 50 f - s -
2944 1253 4082 1432 Den .5. dito Zalte Ich denen Herrn
2983 1417 4163 1533 Paullinern in der Neustatt von Ihren
3008 1526 4161 1640 bey Gema. Statt gegen fünff Pr. cento
2992 1629 4089 1753 Ligendten fünffvnndZwaintzig
2975 1734 4131 1841 hundert gulden Capital das mit
2989 1829 4113 1958 Lesten Maii dis Iahr dauon verfal
2991 1942 4149 2065 lene Interesse Benentlichen Ain
2948 2060 4232 2163 hundert Fünff vnnd Zwaintzig gul
3016 2144 4680 2280 den rh. vermüg Quittung hiebey Idest 125 f - s -
2971 2374 4124 2560 Den .10. dito Zalte Ich Ihr g. Herrn Ger
2987 2548 4183 2672 hardten von   uestenberg Freyherrn
3007 2658 4257 2792 von seinen bey Gema. Statt anligenten
3008 2761 4155 2869 Zway Tausent gulden Capital d.
3010 2860 4191 2990 von Michaeli .641. bis Georgi dis Iahr
3158 3074 4247 3285 Lattus 175. f - s - d.
