4831 3707
618 519 1768 672 anligendten Capitals das mit
641 674 1927 803 Lesten dito dauon verfallene Interesse
624 788 1825 902 Benentlichen Ainhundert Zwaintzig
648 899 1858 1025 gulden rh. vermüg Quittung so hiebey
660 935 2373 1125 Idest 120 f - s - d.
578 1144 1807 1305 Den 14. April Zalte Ich Herrn Hart
625 1300 1711 1417 man Drachen des Innern Raths
639 1409 1833 1530 vnnd der hauß Armen Leuth Laadt
638 1522 1726 1638 Verwaltern in abschlag der dahin
652 1626 1779 1746 gehörigen Interessen Benentlichen
638 1745 1763 1847 Zwayhundert gulden rh. vermüg
639 1799 2344 1996 Quittung so hiebey Idest 200 f - s -
564 2200 1809 2343 Den .29. dito Zalte Ich Herrn Hannsen
636 2335 1865 2454 Schlamber St. Catharina Stiffts Zu Haim
635 2453 1885 2577 burg Khirchmaistern vnnd Verwaltern
649 2562 1862 2672 von denen bey Gema. Statt alligenten
643 2675 1788 2788 vnnd dahin gehörigen Capital das
621 2769 1817 2888 mit Georgi dis Iahr verfallene Inte
634 2880 1868 3002 resse Benentlichen Sechtzehen gulden rh.
657 2882 2380 3097 ut Quittung so hiebey Idest 16 f - s - d.
861 3197 1948 3380 Lattus 336 f - s - d.
2944 441 4229 614 Den Lesten dito Zalte Ich dem Ehrwür.
3016 591 4205 727 Herrn P. Alberto Wilpfenheffer das Pro
3001 707 4137 831 feßhauß Procuratorn das Ienige von
2992 819 4161 931 Gema. Statt weegen dahin Monatlich
3009 927 4129 1026 raichendte vnnd auf das Monath
3004 1025 4167 1158 April vnnd Maii verfallendte Zway
2998 1121 4124 1241 Monatliche deputat Benentlichen
2995 1232 4231 1348 Ainhundert gulden rh. vermüg Quit
2970 1328 4711 1496 tung so hiebey Idest 100 f - s -
2927 1599 4213 1748 Den Ersten Maii Zalte Ich Herrn Casparn
3004 1740 4187 1850 Iobsten des Innern Raths vnnd vber
3005 1843 4113 1960 der Gotts Leichnambs Bruederschafft
3013 1948 4087 2059 Verwaltern von dem bey Gema.
3010 2050 4128 2161 Statt gegen fünff Pr cento Ligendten
3017 2154 4183 2268 vnnd Zu Ermelter Bruederschafft ge
3002 2259 4189 2367 härigen fünffhundert gulden Capital
3009 2358 4203 2465 das mit .17. Maii dis Iahrs dauon ver
2987 2461 4145 2584 fallene Ain Iährige Interesse Be
2978 2568 4104 2685 nentlichen FünffvnndZwaintzig
3013 2669 4192 2798 gulden rh. vermüg Quittung so hie
3001 2770 4702 2945 bey Idest 25 f - s -
3191 3031 4317 3274 Latus 125 f - s - d.
