4815 3713
661 539 1887 698 verfallene halb Iährige Interesse Be
691 690 1887 808 nentlichen Sechtzig gulden rh. vermüg
661 744 2308 926 Quittung so hiebey Idest 60 f - s -
619 1055 1925 1231 Bemelten dito Zalte Ich Herrn Hannsen
639 1221 1803 1336 Bramber des Aussern Raths vnd
656 1336 1776 1440 Spitlmaistern von denen weegen
665 1436 1814 1547 des alten Leinwath hauß bey Gem.
660 1543 1800 1645 Statt Ligendten Aintausent gulden
668 1641 1781 1750 Capital das von Michaeli .641. bis
653 1746 1792 1874 Georgi .642. verfallene halb Iährige
676 1865 1850 1976 Interesse Benentlichen Fünffvnd
657 1971 1848 2089 Zwaintzig gulden rh. vermüg Quit
647 2033 2350 2203 tung so hiebey Idest 25 f - s -
632 2300 1880 2465 Den .15. dito Zalte Ich dem Ehrwürdig
665 2463 1857 2576 vnnd Geistlichen Herrn Paul Raphael
648 2565 1803 2677 Nitschen Thumbherrn Zu St. Stephann
657 2676 1774 2771 weegen der Anna Waxgiesserin
655 2770 1864 2884 Stifftung Pr. Vier vnnd Sechtzig gulden
667 2872 1754 2969 das von Georgi .638. bis wider
659 2967 1760 3086 Geprgo .642. dauon verfallene
867 3148 1952 3391 Latus 85 f - s - d.
3003 465 4177 625 Vier Iährige Interesse auf Iedes Iahr
2994 614 4208 728 Drey gulden 1. s. 18. d. Zusamben Zwölf
3007 714 4198 833 gulden 6. s 12 d. vermüg Quittung
3013 767 4726 948 so hiebey Idest 12 f 6 s 12 d.
2944 1047 4126 1206 Ingleichem bezalte Ich Herrn Nitschen
3007 1191 4148 1311 weegen der Custorey Zu St. Stephann
3005 1297 4233 1402 das von Michaelis 640 bis Georgi 642.
3023 1395 4203 1506 dauon verfallene andert halb Iährige
3023 1488 4102 1616 Interesse Benentlichen Achttzehen
3015 1597 4144 1709 gulden 6. s vermüg Quittung so hie
2998 1660 4649 1823 bey Idest 18 f 6 s -
2960 1910 4129 2076 Den .17. dito bezalte Ich Herrn Marthin
3004 2057 4208 2183 Rößler Pfarrern Zu St. Veith das von
3004 2168 4182 2288 Michaeli .641. bis wider Georgi .642.
3021 2269 4212 2388 verfallene halb Iährige Interesse Be
2989 2367 4215 2500 nentlichen Zwölff gulden rh. vermüg
3005 2448 4691 2627 Quittung so hiebey Idest 12 f - s -
2964 2698 4137 2859 Den Lesten dito beZalte Ich frauen
3016 2844 4112 2972 Regina Ehingerin von Ihren bey
3258 3039 4273 3286 Lattus 43 f 4 s 12 d.
