5481 4222
643 596 2075 730 seinen anligenden 1500 f. das den 23.
645 719 2100 822 Xbr. 717. Verfallene halb Iährige Intee.
649 816 2074 940 mit Süben und dreyssig gulden 4 s.
645 844 2705 1047 Inhalt Quittung 37 f. 4 " -
610 1113 2056 1250 Von denen übrigen 500 f. gehören die
650 1232 1717 1363 Intee. im die Pco Rechnung
662 1360 2085 1498 Auch denen P. P. Carmelitern auff der
655 1489 2067 1607 Laimbgrueben Von anligenden 1500 f.
657 1591 2140 1729 das den 11. diss Verfallene Halb Iährige
643 1600 2711 1839 Intee. mit 37 " 4 " -
607 1913 2200 2064 Weiter Herrn Frantz Stiermb Verwaltern
675 2045 2107 2166 der Hochlöbl. Bruederschafft Corporis
676 2151 2165 2270 Cristi bey St. Stephann Von anligenden
684 2260 2133 2373 1700 f. das den 23. Xbr. 717. Ver
669 2277 2715 2504 fallene Iahrs Intee. mit 85 f " - " -
667 2539 2082 2695 Von 200 f. das den Letzten 9br. 717.
647 2566 2713 2814 Verfallene Iahrs Intee. mit 10 " - " -
647 2864 2197 3005 Von 500 f. das den Letzten Xbr. 717. Ver
681 2877 2714 3132 fallene Iahrs Intee. mit 25 " - " -
653 3166 2182 3323 Von 400 f. ain Iahr den Letzten Xbr.
675 3158 2713 3410 717. Verfallen mit 20. " - " -
703 3559 2245 3787 Latus 215 f. - s. - d.
3107 413 4581 598 Ferrer zahlte Ich Herrn Frantz Reitl
3137 576 4608 703 Grundtschreibern zu Closterneüburg Von
3147 681 4614 804 anligenden Rosina Kurtzischen 1000 f.
3173 785 4597 911 Stüfft Capital das den Letzten Xbr. 717.
3137 861 5352 1042 Verfallene Iahrs Interesse mit 50 f. - s. -
3080 1106 4621 1261 In Simili dem Mathia Hiertl Von denen
3160 1233 4603 1357 anligenden Kaydlmayrischen 150 f.
3160 1324 4670 1460 das den 13. Xbr. 717. Verfallene Iahrs
3125 1456 5368 1577 Intee mit 7 " 4 " -
3130 1598 4590 1773 Den 16. dito herrn Paul Bernhardt
3149 1757 4589 1881 Moltz Von seinen anligenden 2000 f.
3164 1865 4587 2001 das anheunt Verfallene Iahrs Intee.
3152 1983 5353 2106 mit 100 " - " -
3150 2166 4615 2328 Den 17. dito Ihro Exellenz herrn Carl
3176 2323 4576 2448 Ernst graffen Von Rappach Von denen
3167 2431 4540 2557 Reymund Moritzischen 7000 f. das
3134 2549 4658 2656 Von 15. Xbr. 716. biß anhero auff ain
3137 2641 5374 2802 Iahr 1. Monath Verfallene Intee. mit 379 " 1 " 10
3141 2874 4510 3033 Dito Herrn Iohann Iacob Nagl Lien
3164 3019 4541 3137 hardtischen Gerhaben uon anligenden
3156 3122 4523 3256 7127 f. das den Letzten Xbr. 717.
3185 3380 4901 3660 Latus 536 f. 5 s. 10 d.
