5505 4264
564 547 2126 689 Item Von anligenden 1600 f. das den Letzten
594 688 2137 823 Xbr. 717. Verfallene Iahrs Interesse
623 715 2691 909 mit 80 f. - s. -
574 936 2038 1070 Von Kherrerischen 600 f. das den 20.
568 1006 2689 1198 Xbr. Verfallene Iahrs Intee. mit 30 " - " -
590 1255 2066 1389 Dem Gregor Ernst Flam Von 500 f.
585 1322 2676 1527 das anheunt Verfallene Iahrs Intee. mit 25 " - " -
579 1544 2193 1713 Den Maria theresia Priesserin Von ihren
584 1702 2104 1831 Wernerischen 600 f. das den Letzten Xbr
589 1755 2679 1972 717 Verfallene Iahrs Intee. mit 30 " - " -
580 2001 2141 2168 Dem Iohann Michäel Kreutzer von seinen
637 2151 2063 2257 1500 f. das den 23. Xbr. 717
592 2162 2676 2400 Verfallene Iahrs Intee. mit 75 " - " -
601 2440 2016 2608 Dem Iohann Ruckher Burg. Mahler
605 2585 2028 2713 Von denen Leonhardt Bodensteerischen
654 2702 2073 2843 150 f. das anheunt Verfallene Iahrs
625 2724 2680 2943 Intee. mit 7 " 4 " -
572 3003 2171 3183 Der Maria Sophia Reindlin Von 1500 f
656 3155 2110 3300 biß 28. Aug. 717. Von 1500 f. biß
666 3286 2118 3444 31. Xbr. 717. und Von 6000 f. biß
717 3546 2394 3829 Latus 247 f. 4 s. - d.
3158 536 4572 675 5. dito 717 auff ain Iahr Verfallene
3126 667 4544 776 Intee. zusamben mit Vier hundert und
3142 766 4560 897 Funfftzig gulden Vermög Quittung hie
3081 862 5349 1003 bey 450 f. - s -
3101 1040 4549 1189 Gleichermassen zahlte Ich der Eua Bar
3123 1177 4556 1289 bara Minotin Vorhin Iohnin Von ihren
3117 1280 4552 1381 anligenden 150 f. das den 20. Xbr. 717.
3094 1385 5356 1535 Verfallene Iahrs Intee. mit 7 " 4 " -
3078 1572 4578 1723 Den 9. dito dem Iohann Caspar Schmidt
3090 1712 4530 1825 Von anligenden 2600 f. das den 3. diss
3076 1826 5335 1983 Verfallene halb Iährige Intee. mit 65 " - " -
3074 2020 4522 2163 Den 10. Huius Ihro ExellenZ Herrn
3109 2155 4598 2268 Marchesen de Roffeano Von anligenden
3118 2263 4599 2372 12000 f. das den ersten diss Verfallene
3070 2369 5271 2513 Viertl Iährige Intee. mit 150 " - " -
3080 2525 4509 2659 Den Von anligenden 10000 f. das den
3095 2646 4559 2780 Ersten Ienner Verfallene 1½ Monnath.
3079 2775 5286 2901 Intee. mit 62 " 4 " -
3057 2922 4539 3074 Dito Herrn Augustin Frausin benefici
3093 3059 4528 3185 aten der Neukhombischen Stüfftung Von
3094 3167 4544 3288 100 f das anheunt Verfallene Iahrs In
3109 3269 5284 3371 tee. mit 5 " - " -
3053 3468 4737 3768 Latus 740 f. - s. - d
