5447 4213
586 556 2068 703 Verfallene halb Iährige Intee. mit Ain
601 694 2059 808 Hundert Acht und Sübentzig gulden
653 706 2667 934 1 s. 10 d. Crafft Quittung 178 f. 1 s. 10
604 1010 2057 1183 Auch der Fr. Anna Catharina Kersch
626 1177 1977 1292 baumerin Von ihren Muhrisch oder
620 1284 2044 1417 Hortnerischen 5550 f. das Von 24. Iunii
622 1401 2058 1525 biß 13. 9br. 717. auff 4 ⅔ Monath
603 1518 2029 1630 Verfallene Intee. mit 107 f. 7 s. 8 d.
633 1617 2058 1730 den über die am Capital per absch.
618 1725 2080 1851 Betzahlte 500 f. Von 13. 9br. biß 3.
641 1841 2107 1949 Xbr. auff  ⅔ Monath mit 13 f. 7 s.
646 1946 2089 2079 2 d. Mehr über betzahlte 1500 f. Von Re
639 2069 2041 2182 stierenden 3500 f. Von 3. biß 18.
625 2180 2101 2304 Xbr. auff ½ Monath mit 7 f. 2 s. 10 d.
617 2299 2093 2432 Vndt über die widerumb erhebte 1000 f.
621 2427 2064 2547 Von noch anligenden 2500 f. Von 18.
639 2536 2127 2672 biß 24. Xbr. ⅕ Monath mit 2 f. 20 d.
641 2524 2693 2778 zusamben aber 131 " 1 " 10
627 2911 2073 3074 Nicht weniger herrn Mathia Kerschbaumer
623 3053 2091 3178 Von anligenden Muhrischen 1839 f. 20 d.
648 3153 2088 3284 das den 12. diss Verfallene halbe
648 3129 2674 3397 Iahrs Intee mit 45 " 7 " 2
649 3528 2306 3792 Latus 355 f. 2 s. 14 d.
3145 456 4530 659 Den 19. dito dem Iung Fr. Closter zu St.
3130 660 4577 761 Nicola Von anligenden 1000 f. das An
3115 761 5337 907 heunt Verfallene Iahrs Intee. mit 50 f. - s. -
3111 925 4575 1076 Dito Herrn Mathia Schluga Pfarrern
3153 1069 4604 1175 zu Burggschleinitz Von 3700 f. das den
3131 1156 4599 1288 26. 7br. 717. Verfallene Iahrs Intee.
3115 1263 5332 1376 mit 185 " - " -
3130 1396 4500 1520 Item Von anligenden 6000 f. das den
3118 1509 4571 1651 21. diss Verfallende halb Iährige In
3123 1622 5318 1746 tee. mit 150 " - " -
3130 1799 4520 1951 Den 22. dito dem Iung Fr. Closter Bey
3139 1945 4555 2052 St. Iacob Von 4000 f. das den 18. diss
3090 2044 5310 2186 Verfallene halb Iährige Intee. mit 100 " - " -
3117 2221 4602 2367 Dito Fr. Maria Lucoth Von anligenden
3129 2362 4516 2476 3000 f. das den 20. diss Verfallene
3119 2473 5314 2619 halb Iährige Intee. mit 75 f " - " -
3143 2668 4484 2817 Auch Zahlte Ich Herrn Iohann Geörg
3112 2803 4509 2920 hundes hagen I. U. Dri. Von seinen
3127 2913 4572 3033 anligenden 1000 f. das den 15. diss
3079 3030 5309 3178 Verfallene Iahrs Intee. mit 50 " - " -
3012 3186 4573 3354 Dan Von anligenden 1000 f. das den
3145 3488 4819 3750 Latus 610 f. - s - d.
