5467 4198
598 533 2045 669 Von anligenden 1000 f. das anheunt Ver
626 658 2096 779 fallene halb Iährige Intee. mit Fünff und
602 774 2108 907 zwaintzig gulden Vermög Quittung hie
596 822 2676 989 bey 25 f. - s. -
603 1068 2102 1235 Den 25. dito Herr Ioseph Ferdinand geist
583 1218 2139 1331 Von Wildegg Von denen Maria barbara
605 1323 2032 1437 Geistischen 1000 f. das anheunt Verfallene
607 1429 2000 1559 Halb Iährigen Intee. Lauth Quittung
644 1537 2028 1646 und vidimirten testaments Extract
647 1647 2121 1780 die universal Erbs Einsetzung Betreffend
615 1682 2681 1870 mit 25 " - " -
605 1925 2033 2113 Den 26. Huius |titl.| herrn Christoph
615 2086 2043 2216 Friderich Schmidt N.Ö. Regmts Rath uon
613 2205 2080 2316 denen erhebten Herneisischen 3000 f. das
610 2310 2194 2438 Von 16. 9br. 717. bis anhero auff 2 Monath
603 2328 2683 2546 Verfallene Intee. mit 25 " - " -
623 2609 2027 2781 Den 26. dito |titl.| herrn Bernhardt
641 2749 2097 2898 Schmeldte Kay. Hoff Kriegs Rath Von sei
660 2880 2110 2992 nen anligenden 3000 f. das den 8. diss
622 2906 2680 3143 Verfallene Iahrs Intee. mit 150 " - " -
519 3185 2149 3396 Dito denen P. Paulanern auff der Wieden
762 3464 2297 3787 Latus 225 f. - s. - d.
3122 417 4674 569 Von denen Revenarischen 2060 f. das anheunt
3124 565 4550 682 Verfallene Iahrs Intee. mit Ainhundert
3154 666 4551 786 und drey gulden gegen hiebey Kom
3147 763 5329 895 benden Quittung Idest 103 f. - s. -
3150 921 4571 1082 Auch der Fr. Elisabeth Susanna Rave
3153 1059 4633 1180 netin Von anligenden 5500 f. und 1600 f.
3149 1175 4559 1313 das den 19. diss Verfallene halb Iährige
3118 1293 5327 1421 Intee. mit 177 " 4 " -
3116 1511 4562 1668 Den 27. dito dem Iohann Iacob Schindtler
3101 1650 4536 1778 Von seinen erhebten 1000 f. Capital das
3112 1759 4627 1889 Von 21. Octob. 717. biß anhero auff ¼ Iahr
3086 1885 5308 2014 Verfallene Intee. mit 12 " 4 " -
3100 2091 4608 2265 Dito dem Iohann Iacob Barth Brun
3129 2252 4625 2370 nerischen Gerhaben Von denen anligenden
3129 2357 4571 2476 Revenaischen 300 f. das anheunt Verfallene
3109 2481 5280 2621 Iahrs Intee. mit 15 " - " -
3079 2698 4580 2855 Den 28. dito der Anna theresia Kolbin
3083 2848 4563 2978 Von denen Kolbisch oder Kiehrnößlischen
3119 2963 4574 3085 200 f. erhebten 66 f. 40 x. das Von 12. Maii
3117 3070 4588 3194 717. biß anheunt auff 8 ½ Monath Ver
3098 3177 5327 3293 fallene Intee. mit 2 " 2 " 20
3073 3417 4585 3667 Latus 310 f 2 s 20 d.
