5530 4284
688 551 2167 703 18. Xbr. 717. Verfallene Iahrs Intee.
722 636 2767 814 Lauth Quittung mit 50 f. - " -
617 876 2162 1021 Ingleichen Von denen in 3.en posten an
694 1003 2120 1126 ligenden Kholtzischen 5200 f. das den
680 1117 2213 1254 Letzten Xbr. 717. Verfallene Iahrs
671 1152 2762 1359 Intee. mit 260 " - " -
596 1394 2073 1567 Ferrer zahlte Ich herrn Andreae
656 1529 2166 1641 Weber Dom herrn und Beneficiaten
711 1641 2148 1774 der Thoma Ploderischen Stüfftung Von
691 1761 2208 1880 919 f. das den Letzten Xbr. 717. Ver
724 1789 2764 2013 fallene Iahrs Intee. mit 45 " 4 " 12
712 2045 2135 2219 Auch Herrn Peter Savoii Chormaistern
716 2205 2181 2324 Bey St. Stephann Von denen anligenden
702 2316 2202 2436 Khiesserischen 700 f. das den 31. Xbr.
663 2349 2753 2585 Verfallene Iahrs Intee. mit 35 " - " -
634 2620 2139 2814 In Simili denen P. P. Augustinern
712 2795 2196 2918 auff der Landtstrass Von denen Veit
713 2904 2168 3039 Fürstischen 1000 f. das anheunt Ver
636 2937 2740 3167 fallene Iahrs Intee. mit 50 " - " -
738 3214 2228 3425 Eodem dennen P. P. Serviten uon an
730 3565 2304 3824 Latus 440 f. 4 s. 12 d.
3206 491 4630 635 ligenden 3000 f. das den Ersten diss
3165 619 4678 749 Verfallene halb Iährige Intee. Lauth
3151 715 5371 881 Quittung hiebey mit 75 f. - s. -
3152 942 4553 1093 Nichtweniger |titl.| Herrn Regents
3176 1039 4679 1204 Rath Schmidt Von denen Hierneisischen
3169 1192 4583 1301 1500 f. das den Letzten Xbr. 717.
3128 1302 5312 1452 Verfallene Iahrs Intee. mit 75 " - " -
3117 1485 4652 1636 Weiter der Freyl. Anna theresia Von
3183 1632 4641 1749 Sämnitz Von ihren anligenden 2500 f.
3172 1740 4635 1880 das den 2. diss Verfallene halb Iährige
3174 1861 5385 2017 Intee. mit 62 " 4 " -
3172 2030 4619 2183 Offtbesagten 8. Jemer herrn Mathia
3167 2174 4615 2290 Nicola v Wimmes berg Von seinen an
3163 2279 4609 2395 ligenden 9000 f. das anheunt Ver
3135 2393 5386 2545 fallene halb Iährige Intee. mit 225 " - " -
3155 2594 4632 2749 Auch herrn Iohann Iacob Praeann der
3167 2733 4634 2855 Anna Künigischen Stüfftungs Verwal
3170 2850 4618 2953 tern Von denen anligenden 800 f.
3155 2957 4622 3076 das den Letzten Xbr. 717. Verfal
3157 3074 4593 3214 lene halb Iährige Intee. Crafft sei
3139 3208 5344 3347 ner Quittung mit 20 " - " -
3194 3466 4701 3738 Latus 457 f 4 s. - d.
