5441 4265
622 526 2079 756 Auch Zahlte Ich Fr. Iulianna Cattarina
646 750 2072 855 Suttnerin gebohrner Eblin Von ihren
645 850 2105 951 anligenden 4000 f. das anheunt Ver
637 949 2079 1088 fallene halb Iährige Intee. ut ihrer
653 999 2687 1179 Quittung mit 100 f. - s. -
605 1240 2145 1412 Ingleichen zahlte Ich Fr. Susanna Lucia
624 1393 2145 1520 Hoffmanin Vorhin Hertingin Von ihren
647 1512 2135 1624 in zweyen posten anligenden 2000 f. das
674 1532 2682 1765 anheunt Verfallene Iahrs Intee. mit 100 " - " -
637 1810 2120 1971 Den 11. dito Herrn Iohann Christoph
650 1948 2100 2066 Pfeffer Khorn Von anligenden 1000 f.
621 1985 2685 2208 das anheunt Verfallene Iahrs Intee. mit 50 " - " -
629 2239 1958 2382 Dito dem Peter Singer Von denen
678 2379 2084 2497 Geörg Reißingerischen 2000 f. das
691 2497 2166 2612 Von ersten Febr. 717. biß anhero auff
702 2471 2679 2745 11. Monath Verfallene Intee. mit 91 " 5 " 1
640 2799 2044 2972 Den 12. dito Herrn Geörg Heinrich
641 2937 1985 3067 Petschnigg Von denen Pucellenischen
655 3060 2135 3183 8000 f. das den Letzten Xbr. 717. Ver
665 3163 2111 3320 fallene Viertl Iahrs Intee. Sub Quit
671 3207 2669 3430 tung mit 100 f " - " -
704 3571 2220 3821 Latus 441 f. 5 s. 10 d.
3109 496 4587 681 Den 13. dito der Fr. Maria Magdalena
3133 676 4590 793 Heinrichin Von ihren anligenden 4000 f.
3137 766 4577 886 das den 22. Xbr. 717. Verfallene Iahrs
3136 884 4504 1030 Intee Vermög ihrer Quittung hiebey
3105 957 5332 1124 Idest 200 f. - s. -
3096 1152 4594 1285 Den Von ihren anligenden 3000 f. das den
3113 1272 4596 1409 Ersten Octob. 717. Verfallene Iahrs In
3115 1389 5325 1508 tee. mit 150 " - " -
3093 1544 4483 1699 Den 14. dito Herrn Balthasar Von
3133 1696 4513 1817 Mollarn Dom herrn und Beneficiaten
3126 1803 4532 1917 der zwergerischen Stüfftung Von anli
3122 1902 4573 2013 genden 200 f. das anheunt Verfallene
3128 2021 5335 2148 halb Iährige Intee. mit 5 " - " -
3070 2165 4600 2307 Den 15. dito Herrn Frantz Antoni Guß
3120 2296 4574 2409 mann Dom herrn und der Löbl. Meolo
3119 2406 4532 2523 gischen facultet Decano Von anligenden
3105 2513 4441 2632 1000 f. das den 9. diss Verfallene
3097 2627 5291 2768 Iahrs Intee. mit 50 " - " -
3094 2806 4586 2963 Dito Vorgedachten herrn trilsamb Von
3102 2949 4590 3062 seinen anligenden 1000 f. das anheunt
3079 3060 5284 3200 Verfallene Iahrs Intee. mit 50 " - " -
3025 3213 4564 3397 Ingleichen herrn Ignati Ponivini uon
3237 3490 4549 3750 Latus 455 f. - s - d.
