5482 4182
547 567 2016 713 Den 29. dito Herrn Frantz Geörg Beüer
567 708 2060 818 Von der Ninnend Vom herrn und Beneficiaten
585 811 2048 919 der Waxgiesserischen Stüfftung Von denen
588 899 2089 1009 anligenden 229 f. 6 s. das anheunt Verfal
593 1004 2102 1125 lene Iahrs Intee. mit Ailff gulden 3 s. 26 d.
619 990 2699 1244 Lauth Quittung mit 11 f. 3 s. 26
588 1300 2090 1451 Dito der Wallburg Riedlingin Von ihren
607 1438 2070 1540 in zweyen posten anligenden 700 f. das
601 1536 2099 1636 den 12. Xbr. 717. und angestern Ver
602 1567 2705 1753 fallene Iahrs Intee. mit 35 " - " -
588 1813 2077 1979 Den 30. dito |titl.|herrn Phillipp Ehr
629 1953 2058 2068 mannß Von Schlug Von seinen anligenden
631 2058 2089 2193 500 f. das anheunt Verfallene Iahrs In
618 2079 2695 2285 tee. mit 25 " - " -
621 2325 2198 2473 Den 31. dito der Fraule Maria Ehrmanns
635 2458 2141 2583 Von Schlug Von ihren 1000 f. das angestern
628 2477 2698 2709 Verfallene halb Iährige Intee. mit 25 " - " -
629 2757 2106 2921 Dito der Maria Leopoldina Meischingerin
650 2898 2067 3021 uon ihren anligenden 500 f. das anheunt
610 3006 2073 3152 Verfallene Iahrs Interesse mit Fünff
654 3134 2099 3259 und zwaintzig gulden Vermög der
632 3185 2690 3405 Hiebey khombenden Quittung Idest 25 " - " -
758 3546 2268 3831 Latus 121 f. 3 s. 26 d.
3154 477 4760 630 Hierauff Volgen die von denen
3309 635 4778 785 Wasserbau Capitalien Bezahlte
3650 755 4465 909 Interessen
3146 1224 4585 1412 Den 5. Febr. Anno etc. 717. zahlte Ich dem
3153 1406 4616 1524 Herrn Sigmund Rueperdt Von denen an
3170 1516 4607 1629 ligenden Kollerischen 1300 f. das angestern
3152 1620 4623 1738 Verfallene Iahrs Intee. mit Fünff und Sech
3181 1723 5347 1873 tzig gulden Lauth Quittung hiebey 65 f. - s -
3121 1915 4603 2044 Dito dem Mathia Nayr Von denen Kol
3169 2030 4598 2155 bischen 600 f. das anheunt Verfallene Iahrs
3120 2149 5309 2281 Intee. mit 30 " - " -
3128 2320 4565 2475 Den 13. dito der Fr. Maria Barbara
3156 2468 4565 2574 Gaunin Von Baumanischen 2000 f. das
3133 2572 5344 2722 anheunt Verfallene Iahrs Intee. mit 100 " - " -
3123 2769 4567 2915 Dito der Fr. Maria Francisca v Ghelln
3115 2904 4604 3022 Von ihren 5500 f. ain halbes Iahrs In
3141 3018 5314 3159 tee so anheunt Verfällig mit 137 " 4 " -
3112 3186 4637 3375 Den 16. Octob. herrn Wentzl Nedorost
3138 3469 4626 3723 Latus 332 f. 4 s. - d.
