5449 4230
572 571 2105 719 9. diss Verfallene Iahrs Intee. mit Funff
582 620 2650 839 tzig gulden Vermög Quittung 50 f. - s. -
512 892 2070 1044 Ingleichen der Löbl. Rosen Crantz Brueder
605 1021 2098 1134 schafft Von anligenden 1000 f. das den
602 1033 2660 1247 15. diss Verfallene Iahrs Intee. mit 50 " - " -
604 1283 2063 1431 Eodem die Fr. Maria Anna Häßickhin
563 1414 2070 1537 Von Waitzenfeldt Von ihren 1000 f. das
603 1433 2663 1670 angestern Verfallene Iahrs Intee. mit 50 " - " -
548 1707 2058 1871 Weiters herrn Leopolt Friderich Pfeiffer
612 1852 2076 1980 Kirchenmaister bey St. Stephan Von der
620 1968 2073 2084 Kirchen anligenden 1000 f. das morgen
581 1975 2662 2215 Verfallende Iahrs Intee. mit 50 " - " -
551 2244 2021 2412 In Simili Fr. Eua Kollmannin Von
614 2395 2142 2504 ihren anligenden 1000 f. das den 2. diss
588 2402 2667 2639 Verfallene halb Iährige Intee. mit 25 f " - " -
525 2694 2054 2862 Ferrer herrn Iohann Iacob Gäbler
598 2847 2072 2964 Von seinen anligenden 2000 f. das an
608 2852 2669 3114 gestern Verfallene Iahrs Intee. mit 100 " - " -
593 3163 2161 3323 Dan der Anna Fuxin Von 1400 f. das den
630 3153 2664 3448 20. diss Verfallene Iahrs Intee. mit 70 " - " -
705 3573 2412 3848 Latus 395 f. - s. - d.
3151 441 4585 647 Bemelten 22. Ienner zahlte Ich Iohann
3136 638 4596 758 Christoph Hornung Bauerischen gerhaben
3121 743 4564 855 Von anligenden 150 f. das den 4. diss
3086 841 5322 994 Verfallene Iahrs Intee. mit 7 f. 4 s. -
3115 1038 4610 1201 Auch dem Christian Stiffet Burg. Fiederer
3117 1186 4537 1300 Spreng oder Regulaischen Gerhaben
3091 1297 4595 1414 von anligenden 1000 f. das den 14. 9br.
3108 1413 4544 1538 717. Verfallene Iahrs Intee. mit 50 f
3119 1529 4519 1647 Inhalt Quittung und herrn ober Raith
3116 1641 5303 1790 Handlers Errinderungs zettl mit 50 " - " -
3104 1855 4605 2021 Mehr dem Iohann Ingerl Von seiner
3122 2002 4625 2114 Kinder anligenden Bleibenhausischen 2 f
3121 2110 4563 2242 das den 16. diss Verfallene Iahrs In
3102 2220 5294 2345 tee. mit 100 " - " -
3052 2435 4546 2599 Den 23. der Löb. Iesus Maria und
3086 2595 4531 2722 Ioseph Bruederschafft zu Alten Pöllä
3081 2708 4528 2824 Von denen zu 4 ½ per Cento anligenden
3086 2823 4580 2945 700 f. das den 6. Febr. Verfallende
3061 2950 5296 3103 Iahrs Intee. mit 31 " 4 " -
3099 3154 4604 3373 Hoc dato der 72. Iünger Bruederschafft
3088 3437 4632 3714 Latus 189 f - s. - d.
