5449 4217
621 564 2026 697 fallene Intee. mit Süben und Sübentzig
641 691 2053 808 gulden Vermög Seiner Quittung hie
659 662 2688 908 bey Idest 77 f. - s. -
628 932 2026 1076 Item Von 1000 f. Von 10. Iulii 716. biß
627 1065 2083 1204 anheunt auff ain Iahr 5. Monath 21.
633 1063 2695 1285 täg mit 73 " 6 " -
638 1307 2107 1455 Item Von 200 f. Von 30. Iulii 716. biß
630 1303 2698 1581 anheunt auff ain Iahr 5 Monath mit 14  " 1 " 1
629 1604 2115 1736 Von 267 f. Von 20. Mertz 716. Biß an
646 1722 2117 1860 heunt auff ain Iahr ain Monath 11 täg
682 1755 2659 1922 mit 23 " 6 "
632 1960 2132 2123 Wie auch Von 1700 f. Von 26. 9br. biß
676 2112 2127 2256 anheunt auff ain Iahr 3 Monath 5 täg
673 2073 2716 2333 mit 107 " 3 " 1
616 2375 2061 2543 Ferrer dem Herrn Ambrosi Händler
654 2521 2075 2643 Verwaltern der Löbl. S. Sebastiani
692 2632 2142 2751 Bruederschafft zum Khotten Von anligen
677 2741 2129 2860 den 1000 f. d den Letzten Maii Ver
667 2744 2712 2972 fallene Iahrs Intee. mit 50 " - " -
664 2994 2062 3131 Von 1000 f. d anheunt Verfallene
725 2992 2708 3238 Iahrs Intee. mit 50 " - " -
605 3160 2708 3457 Von 600 f. ain Iahr den 30. Aug. Verfal. mit 30 " - " -
822 3545 2532 3818 Latus 426 f - s. 29 d.
3141 396 4673 591 Letztlichen zahlte Ich Herrn Iohann Caspar
3139 531 4639 694 Günter Von denen Rechbergerischen 200 f.
3143 672 4627 792 das Von 19. Maii 715. biß dito 717. auff
3145 787 4595 914 2 Iahr Verfallene Interesse mit zwain
3145 882 4598 1039 tzig gulden gegen seiner Quittung hie
3146 953 5319 1129 bey 20 f - s -
3465 1185 4296 1385 Anno 1718.
3092 1669 4613 1851 Den Ersten Jenner zahlte Ich Herrn An
3117 1830 4602 1949 dre Frantz trillsamb Beneficiaten
3145 1920 4633 2058 der Füxl und Mautingerischen Stüfftung
3130 2031 4649 2156 Von denen anligenden 900 f. das anheunt
3109 2141 5336 2305 Verfallene Iahrs Intee. mit 45 " - " -
3117 2355 4579 2494 Dito denen P. P. Minoriten Von denen
3120 2482 4582 2607 Ihmen Cedirten Peyckhardt oder Khim
3133 2581 4512 2703 dischen 1000 f. das anheunt Verfallene
3093 2705 5337 2837 Iahrs Intee. mit 50 " - " -
3130 2874 4581 3031 Auch Herrn Nicolla Saliet und Iohann
3128 2997 4580 3125 orset Revenaischen gerhaben Von anli
3120 3094 4580 3210 genden 19500 f. das angestern Verfal
3131 3186 5332 3338 lene halb Iährige Intee. mit 487 " 4 " -
3157 3444 4761 3697 Latus 602 f. 4 s. - d.
