5422 4202
593 486 2192 652 Den 2. dito dem wohl Ehrwürdigen Closter
629 630 2167 751 Bey St. Ioseph Von anligenden 2000 f.
631 749 2154 880 das anheunt Verfallene Iahrs Interesse
632 766 2680 991 Vermög Quittung mit 100 f. - s -
587 1046 2033 1199 Dito Herrn Iacob Antoni Stancheri
622 1185 2145 1307 Kay. Burckh Pfarrern Von anligenden
633 1299 2109 1446 500 f. das anheunt Verfallene Iahrs In
668 1350 2687 1529 tee. mit 25 " - " -
599 1551 2066 1712 Dem Iohann Rölbl alß gerhaben Von
637 1698 2067 1808 denen Maximilian Rölblischen 2800 f.
646 1801 2049 1945 des anheunt Verfallene halb Iährige
639 1839 2674 2029 Intee. mit 70 " - " -
593 2076 2061 2237 Den 3. dito |titl.| Herrn Iohann
618 2216 2111 2338 Geörg Reeß N.Ö. Regmts Rath und
618 2324 2105 2447 Superintendenten der Stainstrasserischen
622 2436 2145 2558 Stüfftung Von 1000 f. das den Letzten Xbr.
599 2500 2669 2699 Verfallene Iahrs Intee. mit 50 " - " -
577 2737 2109 2905 Dito der Löbl. 72. Iünger Brueder
624 2878 2034 3008 schafft Von anligenden 1500 f. das
623 2998 2057 3138 angestern Verfallene halb Iährige
605 2998 2660 3228 Intee. mit 37 " 4 " -
614 3224 2120 3416 Den 4. dito der Löbl. totten Brueder
668 3483 2375 3812 Latus 282 f 4 s. - d.
3139 511 4509 661 schafft Bey denen P. P. Augustinern
3122 655 4526 760 Von anligenden 1000 f. das den Ersten
3130 754 4506 883 diss Verfallene Intee. auff ain Iahr
3153 853 5328 980 mit 50 f. - s. -
3071 1025 4605 1185 Den 5. dito Der hochfürst. Passauer
3102 1180 4547 1295 officialats Ambts Cantzley Von denen
3097 1284 4556 1384 anligenden Runitzischen 400 f. das den
3101 1376 4557 1508 26. 7br. 717. Verfallene Iahrs Intee.
3093 1503 5325 1605 mit 20 " - " -
3093 1626 4552 1757 Den 7. Huius der barbara Bartin
3080 1752 4588 1882 Von ihren 1000 f. das anheunt Verfal
3092 1873 5291 2022 lene Iahrs Intee. mit 50 " - " -
3060 2081 4462 2228 Den 8. diss dem wohl Ehrwürdigen
3082 2223 4530 2340 Iungfr. Closter bey St. Iacob Von ihren
3089 2334 4453 2440 alt anligenden 3300 f. das zu
3074 2421 4656 2553 Iüngst Verwichene Weyhnachten Verfallene
3105 2550 5304 2694 halb Iährige Intee. mit 71 " - " 28
3033 2711 4493 2856 Den Vnd Moßerischen 500 f. das den
3069 2854 5302 3017 6. diss Verfallene Iahrs Intee. mit 25 " - " -
3027 3073 4509 3230 Dito denen P. P. Iesuitern im Collegio
3067 3223 4538 3368 Von denen trinckhlischen 1000 f. das den
3095 3464 4795 3715 Latus 216 f. - s. 28 d.
