5381 3956
908 325 2090 516 betzallt Sechs khreützer Thuet inhalt
877 512 2000 641 Quitung Zehen floren Ain schilling
838 611 2599 814 AchZehen Phening. Idest 90 f. 9 s. 98 d.
850 1012 2014 1226 Item so hab Ich Ioachim Liebman
905 1211 2065 1341 Puechpinter alhie von aim grossen
903 1316 2004 1460 Mösspuech mit grossem Regall
886 1455 1997 1577 Papier in Weiss Leder ein Zu
909 1575 2054 1699 pinten vnd das Ers mit spanngen
887 1689 1976 1839 beschlagen inhalt Quitung geben
820 1835 2554 2024 Siben floren vier schilling d Idest 7. f 4 s. d.
745 2719 2070 3127 Latus 17. f 5. s. 98 d ./.
3477 1470 4702 1600 Summa Ausgab auf die Cantorei
3569 1581 4443 1687 Bei Sanndt Steffan
3496 1709 4764 1911 Ø 1282. f. 5. s. 26. d ./.
