5044 4018
2639 275 4437 864 Empfang von
3207 803 4335 981 dem Häring Pfaidtler
3270 971 4335 1126 vnnd Khässtecher Recht
3090 1280 4276 1456 Denn Ainlifften Februarii Erlegt in
3215 1440 4324 1562 das Ober Camrer Ambt Vrban Aichberger
3208 1546 4241 1685 Burger alhie die Gerechtigkhait von
3215 1674 4233 1793 dem Öller hanndl so Ime ain Edler
3195 1776 4199 1913 hochweiser Statt Rath auf sein ge
3195 1914 4231 2039 horsambs Suppliciern mein vnnd
3200 2013 4242 2157 der Burgerlichen Oller darüber vnder
3197 2142 4213 2292 schiedlich gethone Bericht vermig an
3194 2277 4223 2415 heut eruolgten Rathschlag Zu treib
3196 2388 4199 2531 en verwilligt Benäntlichen Zehen
3127 2542 4813 2704 Phundt pfening Idest f. 10. s - d
3142 2730 4185 2883 Denn Achtzehenten Martii dises ge
3195 2860 4142 2995 gen wierdigen Aintausent Sechs
3176 2974 4216 3126 hundertisten Iars Stell ich hiemit
2940 3234 3841 3443 Latus per se.
