5016 4030
875 361 1966 524 Burger vnnd Khässtecher alhie die
866 507 1953 649 gerechtigkhait von ermeltem Khäs
867 649 1944 776 stecher hanndl so Ime Anndre Zehet
881 772 1876 909 eder auch gewester Khässtecher
868 906 1898 1039 daselbst Caediert vnnd über geben
870 1040 1912 1191 Benäntlichen Zehen gulden Reinisch
1497 1216 2405 1348 Idest f 10. s - d.
813 1405 1919 1588 Den Sechsten Iulii Erlegt Michael
885 1579 1890 1704 Weber Burger vnnd Khässtächer
874 1695 1925 1830 alhie die Gerechtigkhait von er
878 1821 1914 1956 meltem Khässtecher hanndl so
864 1949 1933 2076 Er vom Hannsen Strein erkhaufft
868 2080 1918 2209 Benäntlichen Zehen gulden Reinisch
851 2216 2415 2383 vt Ratschlag Idest f. 10. s - d
795 2516 1869 2668 Denn Achtzehenten September
850 2671 1856 2789 Erlegt Anndre Gschwenndtner
847 2789 1932 2927 Burger vnnd Häringer alhie die
860 2917 1871 3053 gewöhnlich gerechtigkhait vonn
879 3118 1915 3340 Latus 20. f f.
3023 330 4059 467 ermeltem Häring hanndl so ain
3031 466 4010 585 Edler hochweiser Statt Rath
3004 586 4086 711 Ime auf sein gehorsambs Suppliciern
3005 695 4090 833 vermig überschribnen Ratschlags den
2969 842 4054 978 Sechtzehenten Augusti diß gegen
3005 964 4052 1114 wierdigen Sechtzehenhundertisten
2987 1103 4057 1248 Iars erganngen so hienebenligunt
2992 1237 4054 1390 Benäntlichen Zehen Phundt pfening
3551 1383 4618 1517 Idest f. 10. s - d
2950 1536 4040 1730 Denn viertten October Erlegt
3002 1717 4049 1850 Caspar Zechenter Burger die ge
3013 1848 4050 1979 rechtigkhait von dem Häring hanndl
3005 1958 4076 2103 so ain Edler hochweiser Statt Rath
2984 2102 4098 2232 alhie auf sein vnnderthenig Suppliciern
2981 2224 4069 2369 Innhalt vberschribnen Ratschlags
2998 2378 4033 2509 den Dreissigisten September diß
3003 2518 4065 2639 Iars datiert Ime Zutreiben ver
3006 2640 4070 2788 lichen Benäntlichen Zehen Pfundt
2973 2788 4045 2932 Pfening vermig beratschlagten Sup
2984 2921 4629 3075 pliciern hiebey Idest f. 10. s - d
3024 3172 3843 3367 Latus 20 f
