<?xml version="1.0" encoding="UTF-8" standalone="yes"?>
<PcGts xmlns="http://schema.primaresearch.org/PAGE/gts/pagecontent/2013-07-15" xmlns:xsi="http://www.w3.org/2001/XMLSchema-instance" xsi:schemaLocation="http://schema.primaresearch.org/PAGE/gts/pagecontent/2013-07-15 http://schema.primaresearch.org/PAGE/gts/pagecontent/2013-07-15/pagecontent.xsd">
    <Metadata>
        <Creator>prov=READ-COOP:name=PyLaia@TranskribusPlatform:version=2.26.0:model_id=327853:lm=provided:date=24_04_2025_19:37</Creator>
        <Created>2025-04-24T11:17:48.724+02:00</Created>
        <LastChange>2025-04-25T09:24:09.078+02:00</LastChange>
        <TranskribusMetadata docId="8116232" pageId="95701839" pageNr="76" tsid="241347636" status="GT" userId="261754" imgUrl="https://files.transkribus.eu/Get?id=UIADRXMILYXJERDXBEEXHDMS&amp;fileType=view" xmlUrl="https://files.transkribus.eu/Get?id=UXPUJHLPZRIKZAPOUBJWLHVQ" imageId="80098402"/>
    </Metadata>
    <Page imageFilename="95701839.tif" imageWidth="5039" imageHeight="4104">
        <ReadingOrder>
            <OrderedGroup id="ro_1745565849078" caption="Regions reading order">
                <RegionRefIndexed index="0" regionRef="region_150394104"/>
                <RegionRefIndexed index="1" regionRef="region_250394104"/>
            </OrderedGroup>
        </ReadingOrder>
        <TextRegion id="region_150394104" custom="readingOrder {index:0;}">
            <Coords points="0,0 2519,0 2519,4104 0,4104"/>
            <TextLine id="tl_1745489673" custom="readingOrder {index:0;}">
                <Coords points="1959,419 1955,408 1939,402 1822,396 1635,371 1546,374 1405,395 1357,395 1281,384 1203,378 964,372 921,376 893,390 880,415 879,461 882,489 892,494 1016,495 1118,485 1170,487 1217,494 1287,494 1508,481 1562,482 1664,494 1712,494 1785,485 1907,485 1948,481 1957,476 1959,469"/>
                <Baseline points="879,464 1959,464"/>
                <TextEquiv>
                    <Unicode>Enngl auch gewesten Burger vnnd</Unicode>
                </TextEquiv>
            </TextLine>
            <TextLine id="tl_1745489671" custom="readingOrder {index:1;} unclear {offset:0; length:1;}">
                <Coords points="875,525 875,612 881,620 889,622 1045,621 1186,603 1309,611 1426,602 1460,605 1550,622 1648,623 1742,609 1905,603 1918,597 1920,541 1916,522 1874,510 1829,505 1752,508 1651,527 1616,528 1563,521 1504,507 1426,498 1347,498 1268,512 1225,515 1160,500 1112,496 1058,498 972,509 929,509 886,516"/>
                <Baseline points="875,589 1920,589"/>
                <TextEquiv>
                    <Unicode>Füettrer alhie seligen gelaßnen</Unicode>
                </TextEquiv>
            </TextLine>
            <TextLine id="tl_1745489683" custom="readingOrder {index:2;}">
                <Coords points="893,659 893,717 896,733 910,740 941,744 1049,744 1159,724 1286,717 1340,718 1433,730 1513,725 1656,725 1798,736 1876,736 1888,731 1891,724 1890,648 1879,641 1844,637 1756,635 1648,643 1555,633 1514,632 1421,619 1260,626 1200,619 1156,618 915,643 898,648"/>
                <Baseline points="893,711 1891,711"/>
                <TextEquiv>
                    <Unicode>wittib Vrsula als seiner ver</Unicode>
                </TextEquiv>
            </TextLine>
            <TextLine id="tl_1745489682" custom="readingOrder {index:3;}">
                <Coords points="890,801 890,854 895,863 907,865 969,864 1088,853 1222,859 1310,851 1428,855 1531,850 1613,851 1685,860 1767,857 1881,862 1914,859 1925,854 1926,767 1923,759 1916,755 1894,753 1791,759 1755,756 1697,743 1656,739 1533,738 1463,746 1420,746 1276,735 1171,738 1090,752 938,763 898,777 893,783"/>
                <Baseline points="890,831 1926,831"/>
                <TextEquiv>
                    <Unicode>sprochnen Prauth auch seligen Er</Unicode>
                </TextEquiv>
            </TextLine>
            <TextLine id="tl_1745489679" custom="readingOrder {index:4;} unclear {offset:1; length:3;}">
                <Coords points="1941,901 1936,888 1923,884 1741,867 1576,863 1502,868 1394,883 1230,883 1117,865 1039,864 925,873 875,888 868,901 868,959 870,967 879,973 923,981 1104,983 1229,972 1361,974 1431,986 1503,985 1569,974 1747,986 1901,986 1927,983 1940,975"/>
                <Baseline points="868,953 1941,953"/>
                <TextEquiv>
                    <Unicode>heirath vnnd ain Edler hochweiser</Unicode>
                </TextEquiv>
            </TextLine>
            <TextLine id="tl_1745489684" custom="readingOrder {index:5;}">
                <Coords points="872,1016 874,1100 891,1108 928,1113 1009,1114 1110,1105 1164,1105 1289,1115 1426,1115 1506,1107 1579,1107 1711,1119 1817,1120 1865,1117 1901,1110 1913,1104 1916,1091 1915,1023 1906,1016 1865,1008 1703,1010 1571,993 1451,1000 1301,999 1226,987 1127,986 925,991 882,1002 875,1007"/>
                <Baseline points="872,1085 1916,1085"/>
                <TextEquiv>
                    <Unicode>Statt Rath daselbst Ime auf sein</Unicode>
                </TextEquiv>
            </TextLine>
            <TextLine id="tl_1745489680" custom="readingOrder {index:6;}">
                <Coords points="860,1170 861,1239 864,1244 873,1246 998,1246 1142,1232 1202,1233 1264,1239 1310,1239 1383,1232 1525,1237 1612,1228 1859,1232 1934,1228 1944,1225 1969,1223 1969,1161 1946,1151 1932,1145 1888,1139 1472,1127 1109,1129 916,1143 869,1156 863,1160"/>
                <Baseline points="860,1214 1949,1214"/>
                <TextEquiv>
                    <Unicode>gehorsamb Suppliciern vnd meinem</Unicode>
                </TextEquiv>
            </TextLine>
            <TextLine id="tl_1745489678" custom="readingOrder {index:7;}">
                <Coords points="1915,1262 1910,1255 1898,1251 1784,1252 1707,1242 1643,1239 1584,1242 1497,1253 1350,1247 1110,1257 921,1281 880,1290 871,1301 871,1351 879,1363 921,1372 1081,1369 1142,1373 1276,1373 1443,1359 1513,1360 1625,1372 1870,1371 1899,1368 1914,1360"/>
                <Baseline points="871,1338 1915,1338"/>
                <TextEquiv>
                    <Unicode>darüber gethonen bericht an heut</Unicode>
                </TextEquiv>
            </TextLine>
            <TextLine id="tl_1745489681" custom="readingOrder {index:8;}">
                <Coords points="1907,1413 1902,1400 1880,1395 1583,1384 1483,1375 1328,1383 1224,1398 1074,1397 993,1408 922,1411 875,1421 869,1425 866,1434 866,1489 873,1500 902,1504 1066,1504 1182,1500 1303,1503 1441,1487 1478,1486 1593,1499 1663,1503 1891,1504 1901,1502 1906,1496"/>
                <Baseline points="866,1471 1907,1471"/>
                <TextEquiv>
                    <Unicode>darauf eruolgten Rathschlags Zu</Unicode>
                </TextEquiv>
            </TextLine>
            <TextLine id="tl_1745489669" custom="readingOrder {index:9;}">
                <Coords points="1850,1542 1849,1533 1843,1528 1802,1521 1756,1518 1688,1507 1550,1504 1445,1506 1271,1535 1224,1535 1171,1526 1127,1523 905,1532 870,1540 858,1547 855,1558 855,1626 861,1637 882,1640 1053,1640 1187,1634 1446,1635 1543,1629 1796,1629 1838,1624 1849,1618"/>
                <Baseline points="855,1606 1850,1606"/>
                <TextEquiv>
                    <Unicode>treiben verlichen Benäntlichen</Unicode>
                </TextEquiv>
            </TextLine>
            <TextLine id="tl_1745489667" custom="readingOrder {index:10;}">
                <Coords points="1937,1645 1920,1638 1877,1638 1773,1653 1704,1658 1522,1653 1465,1658 1340,1656 899,1677 849,1691 843,1696 841,1775 845,1782 853,1784 1060,1785 1195,1769 1263,1769 1359,1778 1395,1778 1525,1767 1702,1768 1806,1759 1879,1757 1921,1752 1936,1746"/>
                <Baseline points="841,1746 1937,1746"/>
                <TextEquiv>
                    <Unicode>fünff gulden Reinisch vermig berat</Unicode>
                </TextEquiv>
            </TextLine>
            <TextLine id="tl_1745489676" custom="readingOrder {index:11;}">
                <Coords points="1802,1791 1797,1785 1788,1783 1741,1782 1629,1789 1403,1791 1280,1802 1104,1800 982,1803 886,1800 861,1806 848,1815 845,1859 852,1878 860,1887 866,1921 883,1923 1411,1923 1642,1911 1753,1898 1798,1885 1802,1876"/>
                <Baseline points="845,1887 1802,1887"/>
                <TextEquiv>
                    <Unicode>schlagten bericht hiebeyligunt</Unicode>
                </TextEquiv>
            </TextLine>
            <TextLine id="tl_1745489670" custom="readingOrder {index:12;}">
                <Coords points="2464,1895 2397,1905 2388,1903 2326,1903 2235,1907 1829,1910 1532,1921 1441,1933 1394,1944 1363,1963 1355,1977 1363,1995 1400,2027 1415,2032 1443,2052 1486,2061 1602,2064 1976,2062 2072,2052 2246,2024 2347,2016 2392,2007 2399,2003 2402,1992"/>
                <Baseline points="1355,2023 2402,2023"/>
                <TextEquiv>
                    <Unicode>Idest f. 5. s - d.</Unicode>
                </TextEquiv>
            </TextLine>
            <TextLine id="tl_1745489663" custom="readingOrder {index:13;}">
                <Coords points="717,2399 722,2418 795,2422 1029,2420 1149,2411 1233,2396 1330,2386 1555,2387 1677,2397 1785,2394 1872,2381 1874,2281 1866,2272 1838,2270 1676,2286 1477,2288 1287,2262 1169,2261 1117,2268 1064,2268 1040,2255 1013,2247 996,2220 969,2206 960,2184 900,2173 841,2183 807,2199 794,2214 763,2229 754,2259 734,2277 723,2299"/>
                <Baseline points="717,2359 1874,2359"/>
                <TextEquiv>
                    <Unicode>Denn dreissigisten December Erlegt</Unicode>
                </TextEquiv>
            </TextLine>
            <TextLine id="tl_1745489664" custom="readingOrder {index:14;}">
                <Coords points="847,2496 848,2524 855,2534 888,2536 1214,2534 1292,2527 1371,2525 1465,2512 1534,2508 1811,2514 1904,2520 1941,2516 1954,2507 1955,2424 1947,2408 1903,2396 1813,2398 1705,2411 1658,2411 1581,2398 1544,2396 1343,2397 1182,2421 1103,2427 982,2429 902,2439 877,2451 853,2456 848,2465"/>
                <Baseline points="847,2501 1955,2501"/>
                <TextEquiv>
                    <Unicode>gleichermassen Iohann Vlman Burg</Unicode>
                </TextEquiv>
            </TextLine>
            <TextLine id="tl_1745489677" custom="readingOrder {index:15;}">
                <Coords points="1914,2542 1904,2536 1877,2534 1783,2536 1736,2542 1638,2563 1565,2569 1510,2565 1493,2558 1483,2547 1448,2541 1405,2542 1339,2559 1291,2566 1199,2568 1108,2557 1029,2561 868,2584 861,2590 860,2638 864,2648 884,2653 1022,2659 1186,2653 1248,2663 1314,2662 1363,2648 1408,2641 1445,2640 1516,2655 1562,2656 1625,2639 1661,2635 1768,2641 1829,2640 1899,2632 1913,2626"/>
                <Baseline points="860,2630 1914,2630"/>
                <TextEquiv>
                    <Unicode>er alhie die gebür wegen des Füet</Unicode>
                </TextEquiv>
            </TextLine>
            <TextLine id="tl_1745489672" custom="readingOrder {index:16;}">
                <Coords points="1935,2658 1928,2652 1903,2650 1820,2656 1680,2657 1547,2667 1400,2667 1260,2686 1129,2680 1017,2692 895,2688 855,2694 842,2700 839,2764 843,2774 854,2779 907,2786 1027,2785 1125,2772 1168,2770 1218,2772 1294,2782 1375,2783 1593,2767 1881,2766 1925,2755 1933,2749"/>
                <Baseline points="839,2752 1935,2752"/>
                <TextEquiv>
                    <Unicode>ter hanndl so Er bey weillenndt</Unicode>
                </TextEquiv>
            </TextLine>
            <TextLine id="tl_1745489668" custom="readingOrder {index:17;}">
                <Coords points="812,2828 812,2906 818,2916 829,2918 1078,2918 1168,2905 1314,2896 1486,2896 1603,2908 1695,2901 1834,2898 1874,2894 1885,2888 1885,2801 1867,2793 1824,2793 1729,2802 1585,2793 1545,2798 1530,2805 1482,2816 1394,2818 1320,2811 1217,2788 1128,2786 1024,2793 867,2797 820,2812 814,2818"/>
                <Baseline points="812,2885 1885,2885"/>
                <TextEquiv>
                    <Unicode>Georgen Alranner auch gewesten</Unicode>
                </TextEquiv>
            </TextLine>
            <TextLine id="tl_1745489666" custom="readingOrder {index:18;}">
                <Coords points="806,2913 1931,2913 1931,3069 806,3069"/>
                <Baseline points="806,3030 1931,3030"/>
                <TextEquiv>
                    <Unicode>Burger seligen hinderlassnen wittib</Unicode>
                </TextEquiv>
            </TextLine>
            <TextLine id="tl_1745489675" custom="readingOrder {index:19;}">
                <Coords points="1630,3181 1627,3174 1614,3169 1524,3168 1432,3160 1407,3154 1347,3150 1073,3151 1000,3157 868,3152 829,3162 806,3185 800,3238 802,3289 809,3320 820,3340 827,3386 839,3399 854,3402 903,3403 929,3399 977,3383 1017,3374 1076,3365 1120,3362 1229,3365 1341,3389 1454,3391 1505,3388 1535,3382 1563,3372 1599,3348 1609,3326 1622,3313 1630,3280"/>
                <Baseline points="800,3339 1630,3339"/>
                <TextEquiv>
                    <Unicode>Latus per se.</Unicode>
                </TextEquiv>
            </TextLine>
            <TextEquiv>
                <Unicode></Unicode>
            </TextEquiv>
        </TextRegion>
        <TextRegion id="region_250394104" custom="readingOrder {index:1;}">
            <Coords points="2520,0 5039,0 5039,4104 2520,4104"/>
            <TextLine id="tl_1745489665" custom="readingOrder {index:0;}">
                <Coords points="4143,320 4136,310 4103,304 3904,291 3770,298 3700,311 3619,320 3576,332 3558,342 3519,349 3479,349 3374,324 3324,322 3206,328 3181,333 3145,354 3141,364 3141,411 3144,429 3172,432 3321,431 3480,412 3623,420 3831,406 3947,405 4089,416 4128,414 4142,409"/>
                <Baseline points="3141,396 4143,396"/>
                <TextEquiv>
                    <Unicode>Eyphrosina erheirat Nemblichen</Unicode>
                </TextEquiv>
            </TextLine>
            <TextLine id="tl_1745489674" custom="readingOrder {index:1;}">
                <Coords points="3121,563 3127,579 3141,588 3163,592 4103,592 4256,580 4451,554 4615,547 4678,539 4695,532 4701,521 4702,463 4691,454 4638,447 4321,434 3811,426 3427,429 3203,448 3181,454 3124,482"/>
                <Baseline points="3121,549 4702,549"/>
                <TextEquiv>
                    <Unicode>fünff pfund pfening Idest f 5. s. - d</Unicode>
                </TextEquiv>
            </TextLine>
            <TextLine id="tl_1745489685" custom="readingOrder {index:2;}">
                <Coords points="3260,3076 3269,3080 3342,3078 3388,3071 3406,3060 3426,3054 3451,3049 3476,3049 3518,3058 3543,3069 3586,3077 3630,3080 3681,3078 3707,3069 3720,3056 3730,3051 3739,3042 3755,3035 3777,3021 3788,2998 3801,2979 3802,2971 3808,2964 3807,2956 3812,2949 3802,2936 3793,2934 3755,2914 3715,2906 3693,2906 3643,2911 3547,2912 3502,2915 3451,2913 3432,2909 3358,2909 3340,2906 3316,2910 3295,2927 3275,2933 3266,2941 3260,2985"/>
                <Baseline points="3260,3035 3812,3035"/>
                <TextEquiv>
                    <Unicode>Latus per se</Unicode>
                </TextEquiv>
            </TextLine>
            <TextEquiv>
                <Unicode></Unicode>
            </TextEquiv>
        </TextRegion>
    </Page>
</PcGts>
