5035 4042
837 349 2004 517 Den Sechsten October Erlegt Hanns
969 510 1983 631 Casstner Burger alhie die gebür
947 615 2015 753 nus von dem Khässtecher hanndl
909 747 2032 882 so Ime ain Edler hochweiser Statt
925 889 2016 1025 Rath auf sein gehorsambist Suppli
948 1015 2034 1144 ciern vnnd darauf eruolgten Rath
950 1153 2012 1286 schlags an heut datiert Zutreiben
933 1280 1985 1427 gl. verlichen Benäntlichen Zehen
938 1429 2019 1573 gulden Reinisch vt beratschlagten
945 1561 2462 1744 Suppliciern hiebeyligunt Idest f. 10. s - d
948 1821 1974 2011 Den Sechtzehenten Sdecember
967 1999 2028 2141 Erlegt Mathias Mayr Irer Für
944 2127 2019 2278 durcht. herrn Mathiasen Ertzhertzog
944 2249 2010 2407 Zu Österreich etc Leib Trabant vnnd
952 2398 2011 2541 Burger alhie die gebür wegen des
945 2523 2031 2667 Khässtecher hanndl so Er bey weil
954 2653 2027 2806 lenndt Georgen Püringer auch ge
962 2794 1995 2945 westen Burger vnnd Khässtecher
966 2942 2025 3096 alhie seligen gelassenen wittib
945 3181 1749 3435 Latus per Se.
3019 305 4101 451 Magdalena erheyrath Benäntlichen
3033 449 4726 629 fünff Phundt pfening Idest f. 5. s - d.
3103 2885 3697 3012 Latus per se.
