5042 4088
843 1650 1965 1873 Summa Empfang Grundt
1113 1877 1640 1990 buechs geföll
1415 2006 2238 2184 982 f 2. s. 2. d
2721 215 4410 712 Empfanng von
3075 705 4276 866 dem Prandtweiner Recht
3103 1097 4157 1256 Denn Achtzechenten Februarii Erlegt
3158 1249 4152 1363 Barbara Michaeln Schwickher ge
3171 1357 4179 1473 westen Burger vnnd Schneiders alhie
3147 1459 4164 1593 seligen gelassne wittib wegen deß
3158 1580 4143 1703 Pranndtwein faill haben So Ihr
3148 1700 4199 1836 ain Edler hochweiser Statt Rath auf
3135 1832 4140 1961 Ir diemiettiges Suppliciern mit
3124 1945 4193 2084 gnaden verwilligt die gebür Benänt
3132 2070 4186 2209 lichen vier pfundt pfening Vt Rath
3117 2215 4786 2376 schlag hiebey Idest f. 4. s - d.
3094 2608 4157 2762 Denn Ersten vnnd Sechsten Martii Er
3138 2749 4158 2893 legt Anna Dürsenhoferin Zu Zway
3182 3002 3910 3276 Latus per Se.
