5055 4014
865 357 2022 477 mallen die gebürnus wegen des Prandt
850 467 1963 577 wein faill Zu haben so Ir herr Bärtl
865 571 1865 702 lme Pranndtner gewester Burger
860 698 1921 818 maister alhie seliger verschinen drei
849 807 1907 941 vnndneüntzigisten Iars verwilligt
860 925 1878 1052 Benäntlichen vier gulden Reinisch
840 1054 2427 1211 vermig Ratschlags hiebey Idest f. 4. s - d.
821 1334 1861 1487 Denn Ersten Apprill Erlegt Ger
864 1476 1843 1602 traut Capellerin die gewöhnliche
843 1588 1907 1709 gebür wegen des Pranndtwein fail
848 1705 1900 1838 Zuhaben Benäntlichen vier gulden
822 1833 2468 2001 vermig Ratschlag Idest f. 4. s - d.
749 2106 1838 2311 Dem anndern Maii Erlegt Eisabetha
851 2297 1861 2413 Sausentallerin die Gerechtigkhait
856 2399 1875 2515 von dem Pranndtwein So Ir auf ein
854 2512 1856 2629 em Tischl failtzu haben verwilligt
835 2621 1786 2754 Benäntlichen vier gulden Reinisch
923 2774 2391 2908 Idest f. 4. s. - d
764 3016 1568 3320 Latus 12. f.
3138 1702 4214 1846 Suma Empfang von Prandt
3570 1825 4141 1926 wein Ständten
3643 1991 4384 2236 16. f - s - d.
