4911 4318
566 697 1025 873 September
2151 585 2424 799 f. s. d.
541 894 2021 1045 halb Iährige Intee. mit Funfftzig gul
555 912 2419 1165 den inhalt Quittung hiebey Idest 50 " - " -
487 1222 2009 1381 Den 29. dito zahlte ich Herrn P. Pe
516 1369 2001 1477 ter Schmerling Von denen anligenden
507 1472 1986 1599 graff Listischen 1000 f. das anheunt
496 1563 1952 1712 Verfallene halb Iährige Intee. mit
515 1703 1950 1837 Fünff Vnd Zwainzig gulden Ver
515 1708 2410 1966 mög Quittung hiebey Idest 25 " - " -
502 2036 1975 2216 Den 30. dito zahlte ich Ihro gnaden
517 2203 1987 2322 Herrn Iohann Ernst Von Hätzenberg
515 2307 1992 2425 Administratorn der Chaosischen Stüff
511 2420 1979 2556 tung in abschl. derer auff diss Iahr
496 2541 1944 2660 Verfallenen Intee Zwey taußent
501 2653 1968 2770 Zwey Hundert und Funffzig gul
532 2764 1895 2898 den Crafft zweyer Quittungen hiebey
1174 2752 2411 2981 Idest 2250 " - " -
429 3027 2010 3216 Dito zahlte ich der Löbl. universitæt
478 3185 1945 3314 Von anligenden 10000 f. das ietzt
491 3309 1931 3462 Michaeli Verfallene halb Iährige
726 3500 2132 3742 Latus 2325 f. - s. - d.
4164 666 4685 888 f. s. d.
2645 856 4068 1018 Interesse mit Drey Hundert gulden rh.
2586 971 4717 1151 Lauth Quittung hiebey Idest 300 " - " -
2572 1200 4061 1342 Auch zahlte ich Herrn Iacob Antoni Stan
2623 1305 4072 1492 deri Kay. Burgg Pfarrern die weegen
2613 1421 4063 1573 des an gmr. Statt überlassenen burgg
2603 1526 4043 1686 Cappellischen grundtbuech ietzt Michaeli
2606 1646 4091 1784 auff ½ Iahr Verfallene Ain Hundert
2612 1759 4078 1923 und Funffzig gulden gegen Quittung
2574 1864 4726 2026 hiebey Idest 150 " - " -
2512 2093 4055 2257 Ingleichen zahlte ich Herrn Ioh. Baptistæ
2584 2244 4079 2361 Kreul Leviten bey St. Stephann weegen
2606 2325 4031 2466 des Beneficii auf St. Trinitatis Altar
2608 2447 4065 2579 die ietzt Quatember Michäeli Verfal
2603 2537 4076 2706 lene Zwainzig gulden ut Quittung
2564 2633 4733 2829 hiebey Idest 20 f " - " -
2574 2913 4078 3081 Dan weegen Leßung der Tägl. H. Mess
2602 3012 4074 3177 Bey Vnßern Herrn die ietzt Quatem
2615 3124 4030 3267 ber Michaeli Verfallene Zwey und
2594 3217 4733 3415 Sechzig gulden 4 s. ut Quittung Idest 62 " 4 " -
2780 3476 4070 3751 Latus 532 f. 4 s. - d.
