4922 4317
583 668 1013 857 September
2215 621 2423 809 f. s. d.
550 894 1949 1048 Schefferischen 6000 f. das Vom 15. Iulii
571 1043 2007 1150 biß anheunt auff 2 ⅓ Monath Verfal
564 1150 1983 1258 lene Intee. mit Acht Vnd Funffzig
548 1249 2000 1371 gulden Zwey Schilling 20 d. auff die
559 1363 1879 1490 in Bezahlt geldt Allegirte Quittung
1498 1360 2415 1569 Idest 58 " 2 " 20
519 1553 2020 1726 Dito zahlte ich Herrn Chormaister bey
546 1708 1956 1832 St. Stephann die wegen der Matur
544 1822 1921 1945 oder Fruhe Meess ietzt Quatembers
531 1934 1968 2052 Michäeli Verfallene Süben gulden
537 2044 1894 2193 zwey Schilling inhalt Quittung hiebey
1268 2054 2405 2281 Idest 7 " 2 " -
500 2251 1977 2418 Des gleichen zahlte ich Herrn Simonn
514 2402 2015 2522 Lickhowitz Von folgenden Capitalien die
512 2520 2009 2631 Intee. als Von 800 f. ½ Iahr den 6.
504 2622 1993 2738 Aug. Verfallen mit 20 f. Von 1000 f.
518 2738 1970 2850 ½ Iahr den 29. Aug. mit 25 f. Von
516 2839 1988 2941 1300 f. ½ Iahr den 6. 7br. mit
507 2945 1971 3069 32 f. 4 s Von 1000 f. ½ Iahr den 12. 7br.
510 3060 1945 3185 mit 25 f. Vndt Von 600 f. ½ Iahr den
513 3176 1995 3293 23. 7br. mit 15 f. zusamben aber Ain
511 3281 2031 3387 Hundert und Süben zehen gulden
503 3225 2397 3485 4 s. inhalt Quittung hiebey Idest 117 " 4 " -
636 3562 1936 3776 Latus 183 f. - s. 20 d.
4273 604 4715 832 f. s. d.
2579 838 4160 1010 Dan Zahlte ich Herrn Geörg Friderich Wolffen
2630 1008 4077 1108 Von seinen anligenden 1500 f. das den
2630 1086 4011 1216 20. diss Verfallene Iahrs Intee. mit
2633 1200 4032 1327 Fünff Vnd Sübenzig gulden Crafft
2633 1291 4748 1446 Quittung hiebey Idest 75 f " - " -
2623 1490 4162 1651 Auch Zahlte ich Herrn Ioseph Weiss Schram
2646 1638 4130 1741 bischen gerhaben Von anligenden 2000 f.
2622 1709 4095 1846 das den 22. diss Verfallene halb Iähr.
2627 1808 4084 1979 Intee. mit Funffzig gulden Lauth Quit
2632 1913 4761 2085 tung hiebey Idest 50 f " - " -
2535 2137 4059 2290 Ferrer zahlte ich Herrn Wolff Adam
2606 2279 4133 2388 Spriesser Von seinen in zweyen posten an
2609 2381 4107 2498 ligenden 1000 f. das anheunt Verfallene
2616 2488 4068 2630 Iahrs Intee. mit Fünffzig gulden gegen
2631 2583 4730 2750 Quittung hiebey Idest 50 " - " -
2555 2784 4081 2918 Nichtweniger zahlte ich der Anna Ma
2588 2905 4109 3026 ria Burggstallerin Von ihren anligenden
2616 2993 4024 3132 Merlingerischen 2000 f. das den 19.
2609 3119 4078 3228 diss Verfallene Iahrs Intee. mit Ain
2627 3199 4028 3358 Hundert gulden auff ihr Quittung
2629 3306 4743 3430 hiebey Idest 100 " - " -
2723 3482 4065 3749 Latus 275 f. - s. - d.
