4978 4319
649 674 1076 854 September
2226 588 2483 850 f. s. d.
594 899 1995 1044 Dito zahlte ich der Reginæ Salome
615 1030 2072 1143 Holtznerin Von uorstehendten Holtzne
627 1133 2015 1252 rischen Intee. die ihr Verfallene
630 1195 2105 1355 Fünff Vnd Dreyssig gulden inhalt
631 1210 2487 1469 Quittung hiebey Idest 35 " - " -
589 1548 2064 1700 Den 23. dito zahlte ich Herrn Geörg
600 1684 2065 1797 Ferdinandt Stainer Von seinen ange
603 1787 2098 1901 legenen 700 f. das Von ersten Septemb.
611 1896 2053 2013 1716. biß anheunt auff ain Iahr ¾.
612 2005 2048 2115 Monath Verfallene Intee. mit Süben
639 2098 2064 2214 und Dreyssig gulden ain Schilling
619 2013 2477 2344 15 d. Vermög Quittung hiebey Idest 37 " 1 " 15
594 2472 2067 2660 Den 24. dito zahlte ich |titl:| Herrn
584 2644 2059 2776 Christoph Friderich Schmidt N.Ö. Regmts
599 2762 2017 2875 Rath Von denen anligenden Hier
608 2867 2078 2996 neißischen 1000 f. das anheunt Ver
615 2979 1990 3105 fallene Iahrs Intee. mit Funffzig
633 2956 2484 3220 gulden Crafft Quittung hiebey Idest 50 " - " -
593 3278 2067 3491 Dito Zahlte ich Herrn Ignatio Bonivini
887 3492 2157 3721 Latus 122 f. 1 s. 15 d.
4350 727 4758 818 f. s. d.
2656 838 4155 991 Beneficiaten der Franckhischen Stüfftung Von
2685 964 4117 1097 denen anligenden 6300 f. das Ihme
2707 1097 4134 1207 den 17. diss auff Iahr zueständige
2677 1170 4190 1328 Intee. mit Fünff und Sübenzig gulden
2669 1290 4820 1459 Lauth Quittung hiebey Idest 75 f " - " -
2658 1530 4211 1691 Ingleichen zahlte ich Herrn Christoph Härtl
2679 1675 4210 1785 Von seinen anligenden 1000 f. das an heint
2685 1785 4191 1914 Verfallene halb Iährige Intee. mit Fünff
2699 1851 4195 2027 und Zwainzig gulden gegen Quittung
2662 1976 4809 2132 hiebey Idest 25 f " - " -
2666 2176 4128 2369 Auch Zahlte ich Herrn Iohann Baptistæ
2690 2363 4104 2470 Kreül Leviten Bey St. Stephann Von
2693 2436 4165 2575 denen Caspar Hueberischen 1200 f. das
2685 2535 4156 2689 Ihme den 18. diss auff ½ Iahr zuestän
2690 2654 4164 2795 dige Intee. mit Fünff Vnd Zwainzig
2713 2762 4213 2916 gulden ( der über Rest gehört der Kirchen )
2688 2902 4818 3038 auff sein Quittung hiebey Idest 25 " - " -
2656 3093 4065 3243 Den 25. dito zahlte ich |titl:| Herrn
2694 3206 4221 3365 Cristoph von Merckhlein Von seinen erhebten
2802 3420 4092 3623 Latus 125 f. - s. - d.
