<?xml version="1.0" encoding="UTF-8" standalone="yes"?>
<PcGts xmlns="http://schema.primaresearch.org/PAGE/gts/pagecontent/2013-07-15">
    <Metadata>
        <Creator>prov=READ-COOP:name=PyLaia@TranskribusPlatform:version=2.27.0:model_id=364005:lm=provided:date=09_07_2025_10:51</Creator>
        <Created>2025-07-01T10:22:03.647+02:00</Created>
        <LastChange>2025-08-28T14:45:02.516+02:00</LastChange>
        <TranskribusMetadata docId="9313521" pageId="99777897" pageNr="225" status="GT" userId="261754" imgUrl="https://files.transkribus.eu/Get?id=AURZSLGJELOULRGUKUIGUIBW&amp;fileType=view" imageId="83701899"/>
    </Metadata>
    <Page imageFilename="99777897.tif" imageWidth="4932" imageHeight="4321">
        <TextRegion id="region_149324321" custom="readingOrder {index:0;}">
            <Coords points="0,0 2466,0 2466,4321 0,4321"/>
            <TextLine id="tl_1751976870" custom="readingOrder {index:0;}">
                <Coords points="603,747 603,796 608,803 617,805 1012,806 1018,803 1019,796 1019,720 1018,705 1013,697 999,691 965,690 928,685 877,689 851,681 831,667 814,652 804,630 798,624 792,612 773,605 758,604 735,609 711,611 696,615 681,621 649,645 641,657 632,665 628,676 619,689 615,717"/>
                <Baseline points="603,754 1019,754"/>
                <TextEquiv>
                    <Unicode>September</Unicode>
                </TextEquiv>
            </TextLine>
            <TextLine id="line_1752048541534_68" custom="readingOrder {index:1;}">
                <Coords points="2175,662 2418,567 2418,684 2175,779"/>
                <TextEquiv>
                    <Unicode>f.  s. d.</Unicode>
                </TextEquiv>
            </TextLine>
            <TextLine id="tl_1751976893" custom="readingOrder {index:2;}">
                <Coords points="2019,901 2007,891 1959,887 1659,887 1193,901 634,904 561,924 558,1009 566,1017 585,1021 737,1026 1561,1026 1889,1010 2015,994 2019,988"/>
                <Baseline points="558,989 2019,989"/>
                <TextEquiv>
                    <Unicode>das Von 13. April biß anheunt auff 5 Mo</Unicode>
                </TextEquiv>
            </TextLine>
            <TextLine id="tl_1751976903" custom="readingOrder {index:3;}">
                <Coords points="550,1020 2035,1020 2035,1121 550,1121"/>
                <Baseline points="550,1095 2035,1095"/>
                <TextEquiv>
                    <Unicode>nath Verfallene Intee. mit Neunzehen</Unicode>
                </TextEquiv>
            </TextLine>
            <TextLine id="tl_1751976891" custom="readingOrder {index:4;}">
                <Coords points="570,1119 2020,1123 2020,1243 570,1239"/>
                <Baseline points="529,1213 2020,1213"/>
                <TextEquiv>
                    <Unicode>gulden drey Schilling ut Quittung hie</Unicode>
                </TextEquiv>
            </TextLine>
            <TextLine id="tl_1751976899" custom="readingOrder {index:5;}">
                <Coords points="2424,1128 2421,1114 2370,1140 2302,1145 2119,1211 2047,1221 1846,1232 1195,1243 782,1233 582,1237 552,1250 550,1300 555,1312 1740,1313 1997,1306 2239,1282 2323,1260 2341,1237 2357,1225 2377,1220 2389,1208"/>
                <Baseline points="550,1269 2394,1269"/>
                <TextEquiv>
                    <Unicode>bey Idest 19 " 3 " -</Unicode>
                </TextEquiv>
            </TextLine>
            <TextLine id="tl_1751976889" custom="readingOrder {index:6;}">
                <Coords points="499,1509 504,1528 524,1539 572,1544 1609,1544 1909,1526 1931,1520 1935,1507 1933,1415 1915,1406 1860,1400 1624,1421 1166,1422 927,1416 714,1396 573,1396 510,1419 502,1431"/>
                <Baseline points="499,1507 1935,1507"/>
                <TextEquiv>
                    <Unicode>Den 14. dito zahlte ich Herrn Anntoni</Unicode>
                </TextEquiv>
            </TextLine>
            <TextLine id="tl_1751976908" custom="readingOrder {index:7;} unclear {offset:7;length:4;} unclear {offset:12;length:4;}">
                <Coords points="526,1535 1966,1535 1966,1641 526,1641"/>
                <Baseline points="526,1613 1960,1613"/>
                <TextEquiv>
                    <Unicode>Loickh Medæ Dri Von seinen anligenden</Unicode>
                </TextEquiv>
            </TextLine>
            <TextLine id="tl_1751976890" custom="readingOrder {index:8;}">
                <Coords points="527,1641 1942,1641 1942,1749 527,1749"/>
                <Baseline points="527,1722 1942,1722"/>
                <TextEquiv>
                    <Unicode>1000 f. das anheunt Verfallene Halb</Unicode>
                </TextEquiv>
            </TextLine>
            <TextLine id="tl_1751976897" custom="readingOrder {index:9;}">
                <Coords points="530,1744 1956,1744 1956,1850 530,1850"/>
                <Baseline points="530,1822 1956,1822"/>
                <TextEquiv>
                    <Unicode>Iährige Intee. mit Fünff Vnd Zwain</Unicode>
                </TextEquiv>
            </TextLine>
            <TextLine id="tl_1751976866" custom="readingOrder {index:10;}">
                <Coords points="550,1846 1862,1846 1862,1983 550,1983"/>
                <Baseline points="550,1948 1862,1948"/>
                <TextEquiv>
                    <Unicode>zig gulden inhalt Quittung hiebey</Unicode>
                </TextEquiv>
            </TextLine>
            <TextLine id="tl_1751976868" custom="readingOrder {index:11;}">
                <Coords points="2412,1849 2410,1843 2374,1852 2275,1856 2218,1865 2187,1873 2147,1891 2075,1914 2023,1925 1939,1949 1619,1960 1470,1972 1460,1976 1453,1987 1451,2041 1464,2046 1904,2044 1975,2037 2063,2018 2247,1989 2279,1981 2342,1952 2363,1932 2376,1926 2385,1908"/>
                <Baseline points="1451,1996 2386,1996"/>
                <TextEquiv>
                    <Unicode>Idest 25 " - " -</Unicode>
                </TextEquiv>
            </TextLine>
            <TextLine id="tl_1751976871" custom="readingOrder {index:12;}">
                <Coords points="494,2132 496,2239 514,2247 574,2255 892,2264 1803,2270 1958,2261 2003,2254 2016,2242 2016,2149 2009,2139 1990,2135 1440,2130 1224,2141 845,2123 780,2113 749,2100 690,2088 564,2092 505,2113"/>
                <Baseline points="494,2223 2016,2223"/>
                <TextEquiv>
                    <Unicode>Dito zahlte ich den Baltasar Haggenmil</Unicode>
                </TextEquiv>
            </TextLine>
            <TextLine id="tl_1751976905" custom="readingOrder {index:13;}">
                <Coords points="526,2265 526,2345 532,2350 797,2368 1101,2373 1829,2368 1921,2362 1992,2349 1998,2337 1998,2286 1987,2277 1602,2276 1124,2259 562,2255 532,2259"/>
                <Baseline points="526,2342 1998,2342"/>
                <TextEquiv>
                    <Unicode>ner Von seines Sohns anligenden 541 f.</Unicode>
                </TextEquiv>
            </TextLine>
            <TextLine id="tl_1751976896" custom="readingOrder {index:14;}">
                <Coords points="515,2364 2018,2360 2018,2469 515,2473"/>
                <Baseline points="515,2445 2003,2445"/>
                <TextEquiv>
                    <Unicode>5 s. 2 d. das anheunt Verfallene Iahrs</Unicode>
                </TextEquiv>
            </TextLine>
            <TextLine id="tl_1751976902" custom="readingOrder {index:15;}">
                <Coords points="520,2485 523,2565 545,2574 611,2580 1144,2590 1851,2590 1890,2587 1952,2571 1958,2563 1957,2490 1936,2483 1608,2481 594,2461 529,2469 523,2473"/>
                <Baseline points="520,2557 1958,2557"/>
                <TextEquiv>
                    <Unicode>Intee. mit Süben Vnd Zwainzig gul</Unicode>
                </TextEquiv>
            </TextLine>
            <TextLine id="tl_1751976879" custom="readingOrder {index:16;}">
                <Coords points="514,2598 517,2629 515,2664 519,2675 515,2690 563,2706 719,2715 1272,2730 1554,2725 1770,2728 1891,2720 1934,2706 1949,2692 1953,2656 1952,2609 1947,2602 1929,2597 1663,2600 681,2578 520,2580 515,2586"/>
                <Baseline points="492,2692 1953,2692"/>
                <TextEquiv>
                    <Unicode>den - s 12 d. Vermög Quittung hiebey</Unicode>
                </TextEquiv>
            </TextLine>
            <TextLine id="tl_1751976895" custom="readingOrder {index:17;}">
                <Coords points="2411,2641 2406,2533 2325,2607 2264,2631 2220,2657 2024,2712 1928,2727 1784,2731 1653,2727 1623,2723 1502,2723 1388,2733 1363,2742 1341,2758 1337,2770 1338,2801 1344,2806 1368,2808 1936,2808 1996,2806 2252,2759 2334,2726 2371,2683 2389,2673"/>
                <Baseline points="1337,2756 2376,2756"/>
                <TextEquiv>
                    <Unicode>Idest 27 " - " 1</Unicode>
                </TextEquiv>
            </TextLine>
            <TextLine id="tl_1751976892" custom="readingOrder {index:18;}">
                <Coords points="474,2920 477,3031 490,3038 547,3046 738,3048 1012,3060 1716,3058 1868,3045 1935,3030 1938,3023 1938,2931 1918,2921 1653,2937 1364,2927 1105,2934 940,2933 849,2924 795,2913 717,2887 658,2880 541,2886 486,2902 477,2909"/>
                <Baseline points="474,3015 1938,3015"/>
                <TextEquiv>
                    <Unicode>Den 15. dito zahlte ich Fr. Mariæ Feli</Unicode>
                </TextEquiv>
            </TextLine>
            <TextLine id="tl_1751976886" custom="readingOrder {index:19;}">
                <Coords points="510,3051 1993,3051 1993,3166 510,3166"/>
                <Baseline points="510,3135 1993,3135"/>
                <TextEquiv>
                    <Unicode>citæ Engl mayrin Von ihren anligenden</Unicode>
                </TextEquiv>
            </TextLine>
            <TextLine id="tl_1751976904" custom="readingOrder {index:20;}">
                <Coords points="503,3152 1987,3152 1987,3272 503,3272"/>
                <Baseline points="503,3242 1987,3242"/>
                <TextEquiv>
                    <Unicode>400 f. das anheunt Verfallene halb Iäh</Unicode>
                </TextEquiv>
            </TextLine>
            <TextLine id="tl_1751976906" custom="readingOrder {index:21;}">
                <Coords points="513,3259 1962,3259 1962,3362 513,3362"/>
                <Baseline points="513,3334 1962,3334"/>
                <TextEquiv>
                    <Unicode>rige Intee. mit Zehen gulden Crafft</Unicode>
                </TextEquiv>
            </TextLine>
            <TextLine id="tl_1751976877" custom="readingOrder {index:22;}">
                <Coords points="2402,3247 2403,3204 2372,3224 2301,3233 2212,3258 2176,3284 2112,3313 2065,3326 1912,3353 1814,3360 1323,3363 1011,3354 535,3352 503,3367 502,3430 503,3440 529,3444 1913,3442 2246,3372 2317,3349 2348,3321 2391,3299 2402,3276"/>
                <Baseline points="502,3389 2402,3389"/>
                <TextEquiv>
                    <Unicode>Quittung hiebey Idest 10 " - " -</Unicode>
                </TextEquiv>
            </TextLine>
            <TextLine id="tl_1751976900" custom="readingOrder {index:23;}">
                <Coords points="1896,3722 1893,3575 1877,3564 1831,3552 1715,3545 1317,3557 708,3574 693,3586 690,3596 691,3652 702,3665 744,3689 795,3709 1880,3741 1894,3730"/>
                <Baseline points="690,3748 1896,3748"/>
                <TextEquiv>
                    <Unicode>Latus 81 f. 3 s. 12 d.</Unicode>
                </TextEquiv>
            </TextLine>
            <TextEquiv>
                <Unicode>Septemberf.  s. d.das Von 13. April biß anheunt auff 5 Monath Verfallene Intee. mit Neuntzehengulden drey Schilling ut Quittung hiebey Idest 19 " 3 " -Den 14. dito zahlte ich Herrn AnntoniLoickh Medæ Dri Von seinen anligenden1000 f. das anheunt Verfallene HalbIährige Intee. mit Fünff Vnd Zwainzig gulden inhalt Quittung hiebeyIdest 25 " - " -Dito zahlte ich den Baltasar Haggenmilner Von seines Sohns anligenden 541 f.5 s. 2 d. das anheunt Verfallene IahrsIntee. mit Süben Vnd Zwaintzig gulden - s 12 d. Vermög Quittung hiebeyIdest 27 " - " 1Den 15. dito zahlte ich Fr. Mariæ Felicitæ Engl mayrin Von ihren anligenden400 f. das anheunt Verfallene halb Iährige Intee. mit Zehen gulden CrafftQuittung hiebey Idest 10 " - " -Latus 81 f. 3 s. 12 d.</Unicode>
            </TextEquiv>
        </TextRegion>
        <TextRegion id="region_249324321" custom="readingOrder {index:1;}">
            <Coords points="2466,0 4932,0 4932,4321 2466,4321"/>
            <TextLine id="tl_1751976910" custom="readingOrder {index:0;}">
                <Coords points="4281,659 4723,659 4723,858 4281,858"/>
                <Baseline points="4281,806 4723,806"/>
                <TextEquiv>
                    <Unicode>f. s. d.</Unicode>
                </TextEquiv>
            </TextLine>
            <TextLine id="tl_1751976869" custom="readingOrder {index:1;}">
                <Coords points="2593,920 2595,944 2601,951 2659,963 3159,992 4052,994 4123,992 4129,986 4126,879 4106,870 4053,861 3804,858 3577,865 2931,868 2722,856 2665,862 2608,885 2596,895"/>
                <Baseline points="2593,958 4129,958"/>
                <TextEquiv>
                    <Unicode>Den 17. dito zahlte ich Herrn P. Peter Schmer</Unicode>
                </TextEquiv>
            </TextLine>
            <TextLine id="tl_1751976881" custom="readingOrder {index:2;}">
                <Coords points="2612,1017 2613,1050 2627,1059 2734,1080 2888,1091 3873,1091 4078,1083 4098,1074 4098,1030 4089,1023 3864,1004 2695,973 2635,980"/>
                <Baseline points="2612,1064 4098,1064"/>
                <TextEquiv>
                    <Unicode>ling Seellsorger der Armen gefangenen</Unicode>
                </TextEquiv>
            </TextLine>
            <TextLine id="tl_1751976888" custom="readingOrder {index:3;}">
                <Coords points="2608,1112 2608,1152 2618,1161 2682,1170 2977,1192 3822,1193 4025,1182 4044,1177 4049,1169 4049,1120 4044,1112 3899,1100 3488,1095 2944,1100 2664,1093 2618,1097 2611,1102"/>
                <Baseline points="2608,1168 4049,1168"/>
                <TextEquiv>
                    <Unicode>Von denen anligenden Mariæ Rosaliæ</Unicode>
                </TextEquiv>
            </TextLine>
            <TextLine id="tl_1751976874" custom="readingOrder {index:4;}">
                <Coords points="2620,1251 2622,1260 2630,1266 2692,1278 2857,1292 3762,1292 4112,1276 4120,1268 4116,1204 4095,1197 4046,1193 3051,1198 2697,1188 2632,1191 2622,1195"/>
                <Baseline points="2620,1266 4120,1266"/>
                <TextEquiv>
                    <Unicode>Satlerischen 350 f. das anheunt Verfallene</Unicode>
                </TextEquiv>
            </TextLine>
            <TextLine id="tl_1751976887" custom="readingOrder {index:5;}">
                <Coords points="2620,1289 4108,1289 4108,1388 2620,1388"/>
                <Baseline points="2620,1361 4108,1361"/>
                <TextEquiv>
                    <Unicode>Iahrs Intee. mit Sübenzehen gulden</Unicode>
                </TextEquiv>
            </TextLine>
            <TextLine id="tl_1751976873" custom="readingOrder {index:6;}">
                <Coords points="4754,1477 4753,1465 4741,1451 4668,1422 4570,1406 4438,1397 3956,1390 2706,1391 2631,1395 2617,1405 2623,1460 2696,1507 2775,1526 2929,1533 3788,1534 4575,1518 4695,1506 4739,1495"/>
                <Baseline points="2617,1498 4754,1498"/>
                <TextEquiv>
                    <Unicode>Vier Schilling Lauth Quittung hiebey Idest 17 " 4 " -</Unicode>
                </TextEquiv>
            </TextLine>
            <TextLine id="tl_1751976875" custom="readingOrder {index:7;}">
                <Coords points="2582,1587 4078,1587 4078,1722 2582,1722"/>
                <Baseline points="2582,1686 4078,1686"/>
                <TextEquiv>
                    <Unicode>Den 18. dito zahlte ich mehrwiderholdten</Unicode>
                </TextEquiv>
            </TextLine>
            <TextLine id="tl_1751976872" custom="readingOrder {index:8;}">
                <Coords points="2607,1717 4138,1717 4138,1818 2607,1818"/>
                <Baseline points="2607,1792 4138,1792"/>
                <TextEquiv>
                    <Unicode>Herr Chormaister Von 500 f. das den 15.</Unicode>
                </TextEquiv>
            </TextLine>
            <TextLine id="tl_1751976894" custom="readingOrder {index:9;}">
                <Coords points="2611,1818 4045,1818 4045,1933 2611,1933"/>
                <Baseline points="2611,1902 4045,1902"/>
                <TextEquiv>
                    <Unicode>dito Verfallene halb Iährige Intee. mit</Unicode>
                </TextEquiv>
            </TextLine>
            <TextLine id="tl_1751976878" custom="readingOrder {index:10;}">
                <Coords points="2625,1897 2622,2000 2639,2014 2732,2032 2862,2045 3411,2052 3916,2052 3997,2046 4048,2035 4057,2025 4057,1955 4052,1947 4032,1941 3543,1931 2993,1927 2697,1917 2642,1887"/>
                <Baseline points="2621,2016 4057,2016"/>
                <TextEquiv>
                    <Unicode>Zwölff gulden Vier Schilling gegen</Unicode>
                </TextEquiv>
            </TextLine>
            <TextLine id="tl_1751976867" custom="readingOrder {index:11;}">
                <Coords points="2637,2081 2670,2129 2731,2154 2782,2162 3109,2166 3906,2158 4458,2184 4705,2182 4729,2177 4738,2162 4735,2128 4719,2119 4573,2082 4403,2061 2728,2014 2640,2021"/>
                <Baseline points="2662,2147 4738,2147"/>
                <TextEquiv>
                    <Unicode>Quittung hiebey Idest 12 " 4 " -</Unicode>
                </TextEquiv>
            </TextLine>
            <TextLine id="tl_1751976880" custom="readingOrder {index:12;}">
                <Coords points="2563,2316 2564,2348 2575,2357 2646,2370 2783,2377 3840,2377 4047,2365 4053,2359 4051,2275 3982,2261 3875,2248 3720,2238 3527,2239 3305,2262 3171,2264 2898,2255 2751,2238 2641,2236 2613,2242 2570,2264"/>
                <Baseline points="2563,2341 4053,2341"/>
                <TextEquiv>
                    <Unicode>Dito zahlte ich denen P. P. Serviten Von</Unicode>
                </TextEquiv>
            </TextLine>
            <TextLine id="tl_1751976876" custom="readingOrder {index:13;}">
                <Coords points="2607,2378 4052,2378 4052,2475 2607,2475"/>
                <Baseline points="2607,2450 4052,2450"/>
                <TextEquiv>
                    <Unicode>ihren anligenden 1700 f. das den 16.</Unicode>
                </TextEquiv>
            </TextLine>
            <TextLine id="tl_1751976885" custom="readingOrder {index:14;}">
                <Coords points="2589,2475 4084,2475 4084,2594 2589,2594"/>
                <Baseline points="2589,2562 4084,2562"/>
                <TextEquiv>
                    <Unicode>diss Verfallene halb Iährige Intee. mit</Unicode>
                </TextEquiv>
            </TextLine>
            <TextLine id="tl_1751976907" custom="readingOrder {index:15;}">
                <Coords points="2589,2593 2589,2642 2593,2650 2606,2657 2704,2677 3083,2702 4099,2700 4098,2608 4027,2593 3079,2587 2666,2551 2640,2556"/>
                <Baseline points="2589,2669 4099,2669"/>
                <TextEquiv>
                    <Unicode>Zwey Vnd Vierzig gulden Vier Schilling</Unicode>
                </TextEquiv>
            </TextLine>
            <TextLine id="tl_1751976884" custom="readingOrder {index:16;}">
                <Coords points="2622,2725 2623,2762 2637,2816 2656,2810 2735,2818 2993,2838 4024,2835 4604,2851 4685,2846 4701,2841 4759,2845 4757,2809 4689,2778 4521,2741 4379,2729 3931,2712 2649,2699 2629,2705"/>
                <Baseline points="2622,2813 4709,2813"/>
                <TextEquiv>
                    <Unicode>Lauth Quittung hiebey Idest 42 " 4 " -</Unicode>
                </TextEquiv>
            </TextLine>
            <TextLine id="tl_1751976883" custom="readingOrder {index:17;}">
                <Coords points="2573,2888 2573,2963 2578,2980 2595,2990 2663,3004 3100,3028 4057,3028 4118,3016 4127,3004 4127,2920 4102,2911 3877,2914 3605,2882 3442,2878 2988,2886 2597,2875 2582,2878"/>
                <Baseline points="2573,2989 4127,2989"/>
                <TextEquiv>
                    <Unicode>Ingleichen Von 600 f. daß den 15. diss</Unicode>
                </TextEquiv>
            </TextLine>
            <TextLine id="tl_1751976898" custom="readingOrder {index:18;}">
                <Coords points="2622,3039 2623,3086 2639,3100 2764,3122 2960,3142 3230,3150 4103,3148 4117,3138 4115,3047 4046,3034 3604,3028 3119,3029 2665,3019 2634,3022 2625,3027"/>
                <Baseline points="2622,3115 4117,3115"/>
                <TextEquiv>
                    <Unicode>Verfallene halb Iährige Intee. mit Funff</Unicode>
                </TextEquiv>
            </TextLine>
            <TextLine id="tl_1751976901" custom="readingOrder {index:19;}">
                <Coords points="2643,3151 2646,3194 2661,3204 2720,3221 2798,3254 2875,3266 3476,3283 4093,3281 4095,3167 4088,3158 4071,3152 2658,3108 2646,3140"/>
                <Baseline points="2643,3245 4095,3245"/>
                <TextEquiv>
                    <Unicode>zehen gulden inhalt Quittung hiebey</Unicode>
                </TextEquiv>
            </TextLine>
            <TextLine id="tl_1751976909" custom="readingOrder {index:20;}">
                <Coords points="2590,3283 2594,3298 2793,3337 2994,3353 3662,3365 4281,3399 4670,3399 4707,3394 4726,3379 4726,3354 4713,3344 4430,3307 3671,3309 3218,3297 3145,3286 3001,3278 2679,3195 2655,3204"/>
                <Baseline points="2765,3366 4726,3366"/>
                <TextEquiv>
                    <Unicode>Idest 15 " - " -</Unicode>
                </TextEquiv>
            </TextLine>
            <TextLine id="tl_1751976882" custom="readingOrder {index:21;}">
                <Coords points="2740,3496 2742,3529 2751,3543 2774,3554 2791,3572 2824,3584 2841,3598 2897,3617 4013,3652 4016,3530 4010,3516 3955,3498 3890,3487 3842,3470 3808,3443 3753,3419 3607,3409 3492,3421 3470,3432 3375,3431 3362,3422 3271,3411 3236,3396 2998,3383 2902,3383 2798,3438 2753,3469 2744,3480"/>
                <Baseline points="2740,3659 4016,3659"/>
                <TextEquiv>
                    <Unicode>Latus 87 f. 4 s. - d.</Unicode>
                </TextEquiv>
            </TextLine>
            <TextEquiv>
                <Unicode>f. s. d.Den 17. dito zahlte ich Herrn P. Peter Schmerling Seellsorger der Armen gefangenenVon denen anligenden Mariæ RosaliæSatlerischen 350 f. das anheunt VerfalleneIahrs Intee. mit Sübentzehen guldenVier Schilling Lauth Quittung hiebey Idest 17 " 4 " -Den 18. dito zahlte ich mehrwiderholdtenHerr Chormaister Von 500 f. das den 15.dito Verfallene halb Iährige Intee. mitZwölff gulden Vier Schilling gegenQuittung hiebey Idest 12 " 4 " -Dito zahlte ich denen P. P. Serviten Vonihren anligenden 1700 f. das den 16.diss Verfallene halb Iährige Intee. mitZwey Vnd Viertzig gulden Vier SchillingLauth Quittung hiebey Idest 42 " 4 " -Ingleichen Von 600 f. daß den 15. dissVerfallene halb Iährige Intee. mit Funffzehen gulden inhalt Quittung hiebeyIdest 15 " - " -Latus 87 f. 4 s. - d.</Unicode>
            </TextEquiv>
        </TextRegion>
    </Page>
</PcGts>
