<?xml version="1.0" encoding="UTF-8" standalone="yes"?>
<PcGts xmlns="http://schema.primaresearch.org/PAGE/gts/pagecontent/2013-07-15">
    <Metadata>
        <Creator>prov=READ-COOP:name=PyLaia@TranskribusPlatform:version=2.27.0:model_id=364005:lm=provided:date=09_07_2025_10:51</Creator>
        <Created>2025-07-01T10:22:04.120+02:00</Created>
        <LastChange>2025-08-28T14:42:07.829+02:00</LastChange>
        <TranskribusMetadata docId="9313521" pageId="99777887" pageNr="227" status="GT" userId="261754" imgUrl="https://files.transkribus.eu/Get?id=CNUHGHTIPFFVTVHMNNIZRQFQ&amp;fileType=view" imageId="83701909"/>
    </Metadata>
    <Page imageFilename="99777887.tif" imageWidth="4992" imageHeight="4308">
        <TextRegion id="region_149924308" custom="readingOrder {index:0;}">
            <Coords points="0,0 2496,0 2496,4308 0,4308"/>
            <TextLine id="line_1752048944011_177" custom="readingOrder {index:0;}">
                <Coords points="2252,625 2492,536 2492,648 2252,737"/>
                <TextEquiv>
                    <Unicode>f. s. d.</Unicode>
                </TextEquiv>
            </TextLine>
            <TextLine id="tl_1751976890" custom="readingOrder {index:1;}">
                <Coords points="637,787 636,847 638,853 642,855 1068,855 1074,854 1079,847 1079,716 1072,709 1052,707 993,714 962,724 943,727 931,732 918,734 890,734 877,732 857,725 845,719 823,703 773,681 743,677 695,680 682,684 670,694 664,711 655,724 649,760 642,769"/>
                <Baseline points="636,809 1079,809"/>
                <TextEquiv>
                    <Unicode>September</Unicode>
                </TextEquiv>
            </TextLine>
            <TextLine id="tl_1751976901" custom="readingOrder {index:2;}">
                <Coords points="2136,905 2133,897 2120,891 2082,889 1609,896 1296,907 667,895 617,903 598,914 593,939 595,1014 606,1029 665,1037 1468,1036 1944,1025 2056,1013 2127,996 2136,972"/>
                <Baseline points="593,1000 2136,1000"/>
                <TextEquiv>
                    <Unicode>Iahrs Intee. mit Ain Hundert Fünff</Unicode>
                </TextEquiv>
            </TextLine>
            <TextLine id="tl_1751976924" custom="readingOrder {index:3;}">
                <Coords points="2131,1043 2131,1009 2110,1002 1631,1036 660,1043 631,1051 631,1130 649,1141 698,1144 1310,1144 1728,1132 1984,1112 2110,1093 2128,1082"/>
                <Baseline points="631,1112 2131,1112"/>
                <TextEquiv>
                    <Unicode>und Zwainzig gulden inhalt Quit</Unicode>
                </TextEquiv>
            </TextLine>
            <TextLine id="tl_1751976929" custom="readingOrder {index:4;}">
                <Coords points="2496,1073 2496,1016 2417,1043 2326,1059 2216,1088 2177,1104 1983,1121 1307,1154 697,1149 657,1157 599,1188 594,1219 609,1242 684,1246 1896,1241 2103,1214 2309,1170 2439,1129 2449,1112"/>
                <Baseline points="594,1193 2454,1193"/>
                <TextEquiv>
                    <Unicode>tung hiebey Idest 125 " - " -</Unicode>
                </TextEquiv>
            </TextLine>
            <TextLine id="tl_1751976891" custom="readingOrder {index:5;}">
                <Coords points="2079,1301 2075,1294 2058,1289 1953,1288 1687,1304 1040,1324 864,1324 659,1315 587,1322 580,1329 579,1403 582,1422 589,1431 638,1438 1368,1439 1742,1432 2072,1395 2079,1387"/>
                <Baseline points="579,1399 2079,1399"/>
                <TextEquiv>
                    <Unicode>Den 20. dito zahlte ich denen P. P. Mi</Unicode>
                </TextEquiv>
            </TextLine>
            <TextLine id="tl_1751976922" custom="readingOrder {index:6;}">
                <Coords points="2208,1426 2159,1432 2142,1429 1901,1427 1603,1436 645,1448 616,1458 615,1539 618,1544 1668,1546 2032,1530 2169,1531 2190,1519 2208,1486"/>
                <Baseline points="615,1514 2166,1514"/>
                <TextEquiv>
                    <Unicode>noriten Von anligenden 100 f. das an</Unicode>
                </TextEquiv>
            </TextLine>
            <TextLine id="tl_1751976914" custom="readingOrder {index:7;}">
                <Coords points="2113,1551 2105,1541 2079,1537 1616,1544 686,1548 630,1555 611,1563 608,1631 611,1649 630,1656 1714,1656 1926,1647 2060,1624 2076,1610 2107,1597"/>
                <Baseline points="608,1624 2113,1624"/>
                <TextEquiv>
                    <Unicode>heunt Verfallene Iahrs Intee. mit Fünff</Unicode>
                </TextEquiv>
            </TextLine>
            <TextLine id="tl_1751976892" custom="readingOrder {index:8;}">
                <Coords points="2473,1566 2438,1582 2408,1576 2328,1588 2150,1633 1557,1666 1288,1671 694,1658 632,1668 609,1678 603,1753 606,1765 624,1774 716,1785 1618,1785 1818,1777 2098,1744 2300,1702 2368,1681 2434,1650 2495,1599"/>
                <Baseline points="603,1732 2446,1732"/>
                <TextEquiv>
                    <Unicode>gulden Vermög Quittung hiebey Idest 5 " - " -</Unicode>
                </TextEquiv>
            </TextLine>
            <TextLine id="tl_1751976919" custom="readingOrder {index:9;}">
                <Coords points="592,1845 2119,1845 2119,1983 592,1983"/>
                <Baseline points="592,1947 2119,1947"/>
                <TextEquiv>
                    <Unicode>Dito zahlte ich denen P. P. Francisca</Unicode>
                </TextEquiv>
            </TextLine>
            <TextLine id="tl_1751976905" custom="readingOrder {index:10;}">
                <Coords points="603,1977 2053,1977 2053,2098 603,2098"/>
                <Baseline points="603,2067 2053,2067"/>
                <TextEquiv>
                    <Unicode>nern Von denen Eliæ Mayrischen 100 f.</Unicode>
                </TextEquiv>
            </TextLine>
            <TextLine id="tl_1751976913" custom="readingOrder {index:11;}">
                <Coords points="2076,2090 2046,2085 2015,2083 1622,2097 1408,2091 684,2095 615,2105 612,2182 616,2188 636,2194 761,2198 1880,2196 1989,2186 2073,2168"/>
                <Baseline points="612,2167 2056,2167"/>
                <TextEquiv>
                    <Unicode>das angestern Verfallene Iahrs Intee</Unicode>
                </TextEquiv>
            </TextLine>
            <TextLine id="tl_1751976921" custom="readingOrder {index:12;}">
                <Coords points="597,2197 2006,2197 2006,2329 597,2329"/>
                <Baseline points="597,2296 1991,2296"/>
                <TextEquiv>
                    <Unicode>mit Fünff gulden Crafft Quittung</Unicode>
                </TextEquiv>
            </TextLine>
            <TextLine id="tl_1751976927" custom="readingOrder {index:13;}">
                <Coords points="2485,2267 2486,2200 1987,2314 1774,2318 1533,2339 1398,2343 1134,2342 897,2330 675,2330 633,2334 608,2345 603,2422 606,2439 620,2442 1209,2442 1414,2437 1662,2417 1827,2411 1967,2398 2059,2397 2384,2341"/>
                <Baseline points="603,2410 2055,2410"/>
                <TextEquiv>
                    <Unicode>hiebey Idest 5 " - " -</Unicode>
                </TextEquiv>
            </TextLine>
            <TextLine id="tl_1751976900" custom="readingOrder {index:14;}">
                <Coords points="588,2578 588,2654 592,2668 629,2676 717,2682 1129,2689 1653,2688 1946,2666 2044,2651 2059,2646 2062,2640 2059,2545 1993,2535 1190,2543 658,2528 630,2533 603,2545 592,2559"/>
                <Baseline points="588,2648 2062,2648"/>
                <TextEquiv>
                    <Unicode>Den 21. dito zahlte ich herrn Mathiæ</Unicode>
                </TextEquiv>
            </TextLine>
            <TextLine id="tl_1751976916" custom="readingOrder {index:15;}">
                <Coords points="593,2707 594,2788 610,2795 664,2800 1366,2801 1619,2793 1876,2779 2028,2761 2043,2753 2043,2696 2039,2690 2022,2687 1436,2691 661,2683 602,2690"/>
                <Baseline points="593,2770 2043,2770"/>
                <TextEquiv>
                    <Unicode>Martin Möeden Pfarrern zu Frider</Unicode>
                </TextEquiv>
            </TextLine>
            <TextLine id="tl_1751976918" custom="readingOrder {index:16;}">
                <Coords points="2092,2803 2083,2792 2020,2787 1448,2802 1257,2821 1036,2811 657,2806 600,2813 584,2820 582,2899 584,2911 592,2918 649,2927 1871,2926 2066,2929 2085,2879 2093,2864"/>
                <Baseline points="582,2892 2093,2892"/>
                <TextEquiv>
                    <Unicode>strach Von denen Iohann Christoph Holtz</Unicode>
                </TextEquiv>
            </TextLine>
            <TextLine id="tl_1751976920" custom="readingOrder {index:17;}">
                <Coords points="601,3014 611,3019 693,3027 1716,3026 1866,3016 2029,2996 2084,2979 2089,2967 2089,2940 2081,2928 2068,2925 1754,2931 1402,2928 1261,2932 1022,2922 661,2919 621,2922 602,2930"/>
                <Baseline points="601,3000 2089,3000"/>
                <TextEquiv>
                    <Unicode>nerischen 4000 f. Vndt hieruon den 8.</Unicode>
                </TextEquiv>
            </TextLine>
            <TextLine id="tl_1751976904" custom="readingOrder {index:18;}">
                <Coords points="2062,3029 2047,3023 1506,3034 1143,3036 647,3028 611,3033 604,3040 603,3118 607,3129 620,3135 697,3144 1467,3145 1825,3137 1998,3116 2058,3103 2062,3098"/>
                <Baseline points="603,3113 2062,3113"/>
                <TextEquiv>
                    <Unicode>Aug. wie auch auch anheunt Verfal</Unicode>
                </TextEquiv>
            </TextLine>
            <TextLine id="tl_1751976895" custom="readingOrder {index:19;}">
                <Coords points="2094,3133 2047,3144 1221,3155 758,3156 668,3150 616,3155 598,3164 593,3179 593,3230 596,3236 615,3241 792,3252 1806,3251 1994,3236 2065,3223 2094,3197"/>
                <Baseline points="593,3225 2071,3225"/>
                <TextEquiv>
                    <Unicode>lenen Halb Iährigen Intee. die denen</Unicode>
                </TextEquiv>
            </TextLine>
            <TextLine id="tl_1751976917" custom="readingOrder {index:20;}">
                <Coords points="586,3251 2013,3251 2013,3363 586,3363"/>
                <Baseline points="586,3335 2013,3335"/>
                <TextEquiv>
                    <Unicode>Dr. Möedischen Kindern zueständige</Unicode>
                </TextEquiv>
            </TextLine>
            <TextLine id="tl_1751976928" custom="readingOrder {index:21;}">
                <Coords points="2027,3354 1978,3342 1848,3351 1650,3356 721,3356 617,3360 598,3366 594,3373 593,3469 601,3486 633,3492 1103,3493 1404,3487 1829,3466 1980,3453 2273,3419 2286,3407 2482,3275 2478,3223 2346,3269"/>
                <Baseline points="593,3453 2027,3453"/>
                <TextEquiv>
                    <Unicode>Viertzig gulden Lauth Quittung Idest 40 " - " -</Unicode>
                </TextEquiv>
            </TextLine>
            <TextLine id="tl_1751976897" custom="readingOrder {index:22;}">
                <Coords points="2146,3577 2143,3551 2133,3541 2084,3528 2046,3525 1960,3526 1810,3545 1568,3560 1113,3538 774,3533 725,3549 711,3562 703,3580 702,3628 706,3644 716,3652 767,3669 874,3690 2123,3715 2139,3708 2144,3697"/>
                <Baseline points="702,3735 2146,3735"/>
                <TextEquiv>
                    <Unicode>Latus 175 f. - s - d.</Unicode>
                </TextEquiv>
            </TextLine>
            <TextEquiv>
                <Unicode>f. s. d.
September
Iahrs Intee. mit Ain Hundert Fünff
und Zwaintzig gulden inhalt Quit
tung hiebey Idest 125 " - " -
Den 20. dito zahlte ich denen P. P. Mi
noriten Von anligenden 100 f. das an
heunt Verfallene Iahrs Intee. mit Fünff
gulden Vermög Quittung hiebey Idest 5 " - " -
Dito zahlte ich denen P. P. Francisca
nern Von denen Eliæ Mayrischen 100 f.
das angestern Verfallene Iahrs Intee
mit Fünff gulden Crafft Quittung
hiebey Idest 5 " - " -
Den 21. dito zahlte ich herrn Mathiæ
Martin Möeden Pfarrern zu Frider
strach Von denen Iohann Christoph Holtz
nerischen 4000 f. Vndt hieruon den 8.
Aug. wie auch auch anheunt Verfal
lenen Halb Iährigen Intee. die denen
Dr. Möedischen Kindern zueständige
Viertzig gulden Lauth Quittung Idest 40 " - " -
Latus 175 f. - s - d.</Unicode>
            </TextEquiv>
        </TextRegion>
        <TextRegion id="region_249924308" custom="readingOrder {index:1;}">
            <Coords points="2496,0 4992,0 4992,4308 2496,4308"/>
            <TextLine id="tl_1751976930" custom="readingOrder {index:0;}">
                <Coords points="4345,632 4802,632 4802,807 4345,807"/>
                <Baseline points="4345,761 4802,761"/>
                <TextEquiv>
                    <Unicode>f. s. d.</Unicode>
                </TextEquiv>
            </TextLine>
            <TextLine id="tl_1751976903" custom="readingOrder {index:1;}">
                <Coords points="2705,867 2705,923 2715,938 2759,958 2814,965 3083,971 3876,971 4135,966 4158,962 4187,957 4185,878 4147,869 4088,861 3758,854 3424,859 3141,854 3026,840 3005,830 2977,825 2950,803 2878,792 2823,797 2770,817 2743,838 2713,849"/>
                <Baseline points="2705,924 4163,924"/>
                <TextEquiv>
                    <Unicode>Auch Zahlte ich der Roßinæ Ceciliæ Möe</Unicode>
                </TextEquiv>
            </TextLine>
            <TextLine id="tl_1751976889" custom="readingOrder {index:2;}">
                <Coords points="2700,973 4206,973 4206,1069 2700,1069"/>
                <Baseline points="2700,1045 4206,1045"/>
                <TextEquiv>
                    <Unicode>din die ihr Von erst gedachten Interesse</Unicode>
                </TextEquiv>
            </TextLine>
            <TextLine id="tl_1751976915" custom="readingOrder {index:3;}">
                <Coords points="2700,1067 4182,1067 4182,1167 2700,1167"/>
                <Baseline points="2700,1142 4182,1142"/>
                <TextEquiv>
                    <Unicode>gebührende 15 f. sage Funfftzehen gul</Unicode>
                </TextEquiv>
            </TextLine>
            <TextLine id="tl_1751976926" custom="readingOrder {index:4;}">
                <Coords points="2717,1196 2771,1134 2790,1173 4218,1173 4461,1168 4827,1259 4827,1294 4218,1308 2790,1308"/>
                <Baseline points="2790,1272 4218,1272"/>
                <TextEquiv>
                    <Unicode>der gegen Quittung hiebey Idest 15 " - " -</Unicode>
                </TextEquiv>
            </TextLine>
            <TextLine id="tl_1751976887" custom="readingOrder {index:5;}">
                <Coords points="2672,1408 2674,1484 2693,1492 2741,1496 2958,1502 3861,1502 4075,1486 4084,1480 4084,1414 4074,1407 3858,1392 3752,1390 3633,1381 3420,1386 3041,1383 2859,1356 2738,1354 2687,1378 2677,1390"/>
                <Baseline points="2672,1469 4084,1469"/>
                <TextEquiv>
                    <Unicode>Den 20. dito zahlt ich der Mariæ</Unicode>
                </TextEquiv>
            </TextLine>
            <TextLine id="tl_1751976909" custom="readingOrder {index:6;}">
                <Coords points="2688,1508 4152,1508 4152,1616 2688,1616"/>
                <Baseline points="2688,1589 4152,1589"/>
                <TextEquiv>
                    <Unicode>Margarettæ Möedin Von denen Holtzne</Unicode>
                </TextEquiv>
            </TextLine>
            <TextLine id="tl_1751976912" custom="readingOrder {index:7;}">
                <Coords points="2704,1619 4139,1619 4139,1730 2704,1730"/>
                <Baseline points="2704,1700 4139,1700"/>
                <TextEquiv>
                    <Unicode>rischen 4000 f. den 8. Aug. und 21.</Unicode>
                </TextEquiv>
            </TextLine>
            <TextLine id="tl_1751976894" custom="readingOrder {index:8;}">
                <Coords points="2714,1729 4169,1729 4169,1844 2714,1844"/>
                <Baseline points="2714,1813 4169,1813"/>
                <TextEquiv>
                    <Unicode>7br. Verfallene halb Iährige Interesse</Unicode>
                </TextEquiv>
            </TextLine>
            <TextLine id="tl_1751976899" custom="readingOrder {index:9;}">
                <Coords points="2689,1876 2759,1838 4187,1838 4187,1942 2759,1942"/>
                <Baseline points="2759,1916 4187,1916"/>
                <TextEquiv>
                    <Unicode>die ihr zueständige Funffzehen gul</Unicode>
                </TextEquiv>
            </TextLine>
            <TextLine id="tl_1751976925" custom="readingOrder {index:10;}">
                <Coords points="2924,2045 2929,2054 3008,2068 3687,2069 4259,2056 4635,2058 4792,2050 4818,2046 4817,2009 4784,1996 4503,1960 4278,1959 3960,1946 3061,1951 2928,1960 2753,1924 2729,1964 2705,1976 2704,2012"/>
                <Baseline points="2924,2036 4801,2036"/>
                <TextEquiv>
                    <Unicode>den Inhalt Quittung hiebey Idest 15 " - " -</Unicode>
                </TextEquiv>
            </TextLine>
            <TextLine id="tl_1751976898" custom="readingOrder {index:11;}">
                <Coords points="2688,2215 2690,2241 2715,2252 2883,2266 3124,2278 3991,2280 4106,2273 4113,2265 4112,2214 4100,2203 3949,2169 3844,2160 3367,2162 2973,2154 2779,2155 2700,2166 2690,2180"/>
                <Baseline points="2688,2247 4113,2247"/>
                <TextEquiv>
                    <Unicode>Dito zahlte ich Fr. thereßiæ Iuliannæ</Unicode>
                </TextEquiv>
            </TextLine>
            <TextLine id="tl_1751976907" custom="readingOrder {index:12;}">
                <Coords points="2699,2305 2700,2340 2717,2351 2778,2363 2963,2382 4131,2382 4168,2379 4179,2370 4179,2296 4160,2288 3624,2289 2748,2279 2706,2284"/>
                <Baseline points="2699,2354 4179,2354"/>
                <TextEquiv>
                    <Unicode>Fuxin Von ihrer tochter anligenden Eyb</Unicode>
                </TextEquiv>
            </TextLine>
            <TextLine id="tl_1751976911" custom="readingOrder {index:13;}">
                <Coords points="2712,2382 4174,2382 4174,2482 2712,2482"/>
                <Baseline points="2712,2457 4174,2457"/>
                <TextEquiv>
                    <Unicode>lischen 4000 f. das anheunt Verfallene</Unicode>
                </TextEquiv>
            </TextLine>
            <TextLine id="tl_1751976888" custom="readingOrder {index:14;}">
                <Coords points="2708,2462 4162,2481 4162,2590 2708,2571"/>
                <Baseline points="2690,2562 4162,2562"/>
                <TextEquiv>
                    <Unicode>halb Iährige Intee. mit Ain Hundert</Unicode>
                </TextEquiv>
            </TextLine>
            <TextLine id="tl_1751976893" custom="readingOrder {index:15;}">
                <Coords points="2701,2602 2701,2655 2715,2676 2791,2690 2995,2711 3447,2724 4452,2724 4761,2714 4798,2707 4837,2698 4832,2666 4788,2649 4572,2616 4382,2602 3911,2593 2726,2591"/>
                <Baseline points="2701,2690 4812,2690"/>
                <TextEquiv>
                    <Unicode>gulden ut Quittung hiebey Idest 100 " - " -</Unicode>
                </TextEquiv>
            </TextLine>
            <TextLine id="tl_1751976923" custom="readingOrder {index:16;}">
                <Coords points="2698,2818 2698,2875 2715,2887 3019,2912 3208,2917 3927,2916 4042,2908 4087,2900 4096,2889 4094,2820 4083,2814 4029,2806 3304,2807 2804,2798 2721,2800 2706,2806"/>
                <Baseline points="2698,2885 4096,2885"/>
                <TextEquiv>
                    <Unicode>Den 22. dito zahlte ich Vorgemelten</Unicode>
                </TextEquiv>
            </TextLine>
            <TextLine id="tl_1751976910" custom="readingOrder {index:17;}">
                <Coords points="2700,2935 2702,2992 2711,2996 3019,3024 3204,3028 4124,3027 4174,3023 4186,3013 4186,2930 4182,2923 4165,2918 3674,2925 3111,2921 2726,2912 2704,2918"/>
                <Baseline points="2700,2999 4186,2999"/>
                <TextEquiv>
                    <Unicode>Herrn Dri. Loickh Von anligenden 1000 f.</Unicode>
                </TextEquiv>
            </TextLine>
            <TextLine id="tl_1751976908" custom="readingOrder {index:18;}">
                <Coords points="2697,3090 2706,3097 2917,3132 2979,3138 4061,3137 4111,3125 4117,3116 4114,3046 4091,3037 4042,3030 3091,3031 2718,3023 2698,3032"/>
                <Baseline points="2697,3107 4117,3107"/>
                <TextEquiv>
                    <Unicode>das anheunt Verfallene halb Iährige</Unicode>
                </TextEquiv>
            </TextLine>
            <TextLine id="tl_1751976906" custom="readingOrder {index:19;}">
                <Coords points="2716,3110 2688,3227 2698,3241 2755,3229 3052,3254 4063,3258 4121,3254 4136,3249 4140,3243 4140,3164 4136,3154 4116,3147 4077,3143 3888,3147 3598,3140 2950,3137 2815,3109 2735,3100"/>
                <Baseline points="2732,3226 4140,3226"/>
                <TextEquiv>
                    <Unicode>Intee. mit Fünff Vnd Zwainzig gul</Unicode>
                </TextEquiv>
            </TextLine>
            <TextLine id="tl_1751976902" custom="readingOrder {index:20;}">
                <Coords points="2735,3213 2697,3249 2698,3265 2701,3283 2700,3308 2930,3387 2990,3400 3824,3390 4234,3404 4732,3405 4789,3400 4835,3410 4833,3380 4792,3347 4698,3337 4588,3313 4504,3303 4219,3299 3826,3271 3272,3256 2927,3259"/>
                <Baseline points="2906,3367 4808,3367"/>
                <TextEquiv>
                    <Unicode>den auff sein Quittung Idest 25 " - " -</Unicode>
                </TextEquiv>
            </TextLine>
            <TextLine id="tl_1751976896" custom="readingOrder {index:21;}">
                <Coords points="2878,3505 2879,3589 2888,3601 2908,3611 2927,3629 2976,3652 3027,3667 3170,3684 4132,3670 4137,3561 4127,3539 4083,3521 3971,3492 3939,3476 3870,3462 3730,3458 3678,3463 3647,3473 3632,3490 3608,3501 3588,3519 3532,3536 3486,3530 3465,3513 3460,3476 3448,3464 3361,3449 2983,3444 2931,3457 2910,3478 2887,3488"/>
                <Baseline points="2878,3693 4137,3693"/>
                <TextEquiv>
                    <Unicode>Latus 155 f. - s. - d.</Unicode>
                </TextEquiv>
            </TextLine>
            <TextEquiv>
                <Unicode>f. s. d.
Auch Zahlte ich der Roßinæ Ceciliæ Möe
din die ihr Von erst gedachten Interesse
gebührende 15 f. sage Funfftzehen gul
der gegen Quittung hiebey Idest 15 " - " -
Den 20. dito zahlt ich der Mariæ
Margarettæ Möedin Von denen Holtzne
rischen 4000 f. den 8. Aug. und 21.
7br. Verfallene halb Iährige Interesse
die ihr zueständige Funfftzehen gul
den Inhalt Quittung hiebey Idest 15 " - " -
Dito zahlte ich Fr. thereßiæ Iuliannæ
Fuxin Von ihrer tochter anligenden Eyb
lischen 4000 f. das anheunt Verfallene
halb Iährige Intee. mit Ain Hundert
gulden ut Quittung hiebey Idest 100 " - " -
Den 22. dito zahlte ich Vorgemelten
Herrn Dri. Loickh Von anligenden 1000 f.
das anheunt Verfallene halb Iährige
Intee. mit Fünff Vnd Zwaintzig gul
den auff sein Quittung Idest 25 " - " -
Latus 155 f. - s. - d.</Unicode>
            </TextEquiv>
        </TextRegion>
    </Page>
</PcGts>
