5003 4314
656 668 1103 855 September
2282 571 2504 777 f. s. d.
510 901 2038 1056 In Simili zahlte ich der Annæ Mariæ
594 1048 2009 1165 Fruhewürthin Von ihren anligenden
594 1155 2069 1265 150 f. das den 18. diss Verfallene
625 1264 2058 1376 Iahrs Intee. mit Süben gulden rh.
629 1271 2506 1508 Vier Schilling ut Quittung hiebey Idest 7 " 4 " -
598 1558 2017 1699 Eodem die zahlte ich der Dorothea
605 1692 2051 1801 Pinnerin Von ihren anligenden 200 f.
604 1792 1991 1906 das den Letzten Aug. Verfallene
618 1899 2074 2016 Iahrs Intee. mit Zehen gulden in
596 1892 2505 2130 halt Quittung hiebey Idest 10 " - " -
586 2193 2033 2341 Den 26. dito zahlte ich der Susanna
590 2329 2013 2457 Schleicherin Von ihres Sohn anligenden
607 2440 2077 2565 Petraschischen 800 f. das anheunt Ver
594 2556 2101 2681 fallene Iahrs Intee. mit Vierzig gul
575 2546 2499 2799 den Vermög Quittung hiebey Idest 40 " - " -
576 2823 2079 2979 Den 27. dito zahlte ich Fr. Maria Sa
594 2975 2063 3092 bina Von Höfen Von ihren anligenden
602 3081 2071 3199 1000 f. Cap. das anheunt Verfallene
588 3191 2061 3315 Iahrs Interesse mit Funffzig gul
603 3184 2496 3437 den Crafft Quittung hiebey Idest 50 " - " -
716 3502 2041 3761 Latus 107 f. 4 s. - d.
4328 624 4805 853 f. s. d.
2646 803 4205 987 Den 28. dito zahlte ich Herrn Iacob Von
2707 965 4227 1082 Somerau thumherrn undt Beneficiaten
2718 1091 4177 1214 der Zwierschlagischen Stüfftung Von denen
2708 1198 4151 1310 anligenden 3000 f. das anheunt
2708 1275 4245 1428 Verfallene halb Iährige Intee. mit Fünff
2713 1390 4186 1548 und Sübenzig gulden Lauth Quit
2723 1515 4836 1665 tung hiebey Idest 75 " - " -
2686 1771 4160 1935 Dito zahlte ich |:titl:| Fr. Annæ Cathari
2730 1921 4137 2032 næ Bindterin Von ihren anligenden
2726 2022 4156 2137 36000 f. das anheunt Verfallene
2724 2115 4171 2251 Viertl Iährige Intee. mit Vier Hun
2730 2231 4153 2376 dert Vnd Funffzig gulden gegen
2727 2328 4844 2506 Quittung hiebey Idest 450 " - " -
2661 2543 4134 2704 Ingleichen zahlte ich Fr. Mariæ bar
2736 2697 4136 2810 baræ Gebhardtin Von anligenden
2723 2809 4190 2936 6000 f. das anheunt Verfallene halb
2710 2919 4140 3026 Iährige Intee. mit Ain Hundert
2696 3025 4157 3157 Vnd Funffzig gulden ut Quittung hie
2722 3115 4843 3268 bey Idest 150 " - " -
2675 3257 4139 3434 Dan Von 2000 f. das anheut Verfallene
2878 3448 4183 3725 Latus 675 f. - s. - d.
