4925 4306
689 740 1112 913 September
2252 645 2425 805 f. s. d.
654 907 2102 1043 300 f. das den 6. octob. Verfallende
654 1042 2075 1154 Halb Iährige Intee. mit Süben gul
640 1153 2080 1285 den Vier Schilling Vermög Quittung
628 1142 2425 1375 hiebey Idest 7 " 4 " -
548 1462 2040 1615 Ferrer zahlte ich Herrn Iohann Con
617 1584 2093 1707 radt Lienhardt Spitlmaistern im Kay
622 1700 2048 1807 ßerspital die weegen des Pflaster
620 1793 2068 1914 zohl anheunt auff ain Quartal Ver
609 1903 2059 2028 fallene Fünff Vnd Sübenzig gulden
611 1920 2413 2173 Crafft Quittung hiebey Idest 75 " - "
538 2247 2078 2409 Nichtweniger zahlte ich Herrn Iohann
625 2392 2083 2527 thobia Schittenhelmb Von seinen anli
603 2496 2068 2622 genden 1000 f. das anheunt Verfal
580 2562 2111 2739 lene Viertl Iährige Intee. mit Zwölff
572 2729 2033 2871 gulden Vier Schilling Lauth Quittung
580 2690 2409 2975 hiebey Idest 12 " 4 "
582 2985 2019 3143 Auch Zahlte ich Herrn Iohann geörg
584 3122 2051 3235 Strobl Von Adelheimb Von anligenden
596 3236 1989 3346 1500 f. das den 26. diss Verfallene
596 3325 2017 3461 Iahrs Intee. mit Fünff und Sübenzig
593 3254 2394 3557 Gulden ut Quittung Idest 75 " -
781 3588 2005 3774 Latus 170 f. - s. - d.
4171 644 4679 876 f. s. d.
2614 829 4044 985 Letztlichen zahlte ich dem Herrn Iohann Con
2620 966 4046 1084 radt Lienhardt Kay. Hoff spitlmaistern
2606 1075 4083 1192 Von dem Benedict Kalchischen Capital das
2617 1142 4061 1302 Biß Letzten Xbr. diss Iahrs Verfal
2611 1260 4040 1390 lene Iahrs Interesse mit Acht Vndt
2608 1375 4052 1500 Zwainzig gulden Zwey Schilling 12 d.
2618 1470 4748 1634 inhalt Quittung hiebey Idest 28 " 2 " 12
2552 1787 4069 1936 Den ersten octob. zahlte ich |titl:| Herrn
2601 1913 4010 2025 Marchesan Roffrano Von anligenden
2601 1987 4127 2142 12000 f. das anheunt Verfallene Viertl
2586 2104 4065 2230 Iährige Intee. mit Ain Hundert Vndt
2614 2213 4100 2356 Funfftzig gulden Vermög Quittung hie
2613 2314 4749 2491 bey Idest 150 f " - " -
2582 2512 4100 2661 Dito zahlte ich Fr. Mariæ Barbaræ geb
2590 2649 4043 2761 hardtin Von Harten felß Von anligenden
2597 2761 4044 2870 1000 f. das anheunt Verfallene halb
2602 2833 4014 2970 Iähr. Intee. mit Fünff Vnd Zwainzig
2605 2961 4732 3120 gulden Crafft Quittung hiebey Idest 25 " - " -
2567 3146 4081 3340 Auch Zahlte ich Herrn Iohann Friderich Hil
2645 3286 4049 3430 lebrandt Von anligenden 1500 f. das
2777 3493 3977 3737 Latus 203 f. 2 s. 12 d.
