4928 4335
564 668 1033 858 September
2159 582 2430 821 f. s. d.
568 921 1968 1066 Auch Zahlte ich dem Geörg Einsidler Von
561 1054 2020 1157 seiner Kinder Ehewührtin seel. Bey gmr.
542 1155 2031 1260 Statt angelegten 2000 f. das den 5. diss
524 1262 1979 1370 Verfallene Iahrs Intee. mit Ain Hun
546 1360 1981 1471 dert gulden inhalt Quittung Vndt vidi
560 1337 2426 1570 mirten testaments Extract hiebey Idest 100 " - " -
494 1659 1967 1809 Den 10. dito zahlte ich der Annæ Bar
522 1800 1918 1918 baræ Fellin Vorhin Mayrin Von denen
523 1894 1979 2028 Geörg Mayrischen 500 f. das den 6 diss
531 2002 1989 2121 Verfallene Iahrs Intee. mit Fünff und
502 2117 1939 2249 Zwainzig gulden ut Quittung hiebey
1395 2082 2414 2313 Idest 25 " - " -
496 2363 1923 2504 Dito zahlte ich dem Mathiæ Grueber
503 2493 1978 2603 Von seines Kindts anligenden Christoph
524 2596 1994 2707 dennhartischen 50 f. das anheunt Verfal
528 2697 1993 2809 lene Iahrs Intee. mit Zwey gulden rh.
545 2802 2000 2912 Vier Schilling Vermög Quittung Vndt Errin
538 2778 2421 3033 derungs zettl hiebey Idest 2 " 4 " -
485 3107 1997 3268 Den 11. dito zahlte ich Herrn Chormai
507 3256 1971 3359 ster Bey St. Stephann Von 200 f. das den
511 3345 2016 3474 7. diss Verfallene Iahrs Intee. mit Zehen
688 3527 2032 3731 Latus 127 f 4 s. - d.
4270 590 4722 803 f s. d.
2645 818 4762 998 Gulden Crafft Quittung hiebey Idest 10 " - " -
2599 1043 4108 1195 Dito zahlte ich der Löbl. Bruederschafft Ma
2617 1184 4132 1296 riæ Verkhündtigung im Profess haus Von anli
2628 1287 4121 1398 genden 1000 f. das den Letzten Aug. Ver
2610 1383 4119 1506 fallene Iahrs Intee. mit Funfftzig gulden
2618 1458 4775 1619 Lauth Quittung hiebey Idest 50 " - " -
2605 1671 4124 1813 Auch Zahlte ich Herrn Iohann Simonn Rieger
2622 1775 4090 1909 Von denen in zweyen Posten anligenden
2624 1874 4130 2011 Mändlischen 2000 f. das den 8. Aug. und
2628 2009 4112 2123 9. 9br. 717. Verfallene Iahrs Intee. mit
2618 2074 4112 2233 Ain Hundert gulden gegen Quittung
2623 2196 4772 2342 hiebey Idest 100 " - " -
2581 2422 4115 2581 Den 13. dito zahlte ich der Vrsulæ Pöcherlin
2628 2534 4103 2688 Von denen angelegenen Spieglischen 1200 f.
2621 2670 4122 2789 das Von 25. Aprilis biß angestern auff
2625 2749 4091 2898 4 ½ Monath Verfallene Intee. mit Zwey
2643 2858 4147 3028 Vnd Zwaintzig gulden Vier Schilling auff
2645 2975 4764 3160 ihr Quittung hiebey Idest 22 " 4 " -
2558 3227 4093 3408 Dan Von denen angelegenen 930 f 32 ¼ kr.
2818 3476 4060 3743 Latus 182 f. 4 s. - d.
