4903 4325
570 682 1017 865 September
2164 596 2404 793 f. s. d.
543 879 1974 1034 Auch Zahlte ich Herrn Friderich Pfeiffer
537 1028 1967 1124 des aussern Raths Vndt Kirchen
535 1130 1988 1232 maistern Bey St. Stephann Von anligen
530 1233 1979 1336 den 4000 f. das den 15. diss Ver
539 1326 1995 1434 fallene Iahrs Intee. mit Zwey Hun
556 1432 1998 1555 dert gulden Vermög Quittung hiebey
1237 1417 2400 1639 Idest 200 " - " -
482 1686 1999 1863 Dan Von anligenden Hueberischen 200 f.
514 1859 1981 1980 das anheunt Verfallene Iahrs Intee.
507 1969 1953 2099 mit Zehen gulden Crafft Quittung
524 1949 2395 2180 hiebey Idest 10 " - " -
419 2272 1976 2444 Ferrer zahlte ich Herrn Geörg Adam
505 2417 2011 2533 Reithammer Von denen Wiestinger.
505 2527 1995 2643 2000 f. das anheunt Verfallene Iahrs
512 2635 1993 2762 Intee. mit Ain Hundert gulden
508 2624 2397 2875 Lauth Quittung hiebey Idest 100 " - " -
503 2940 1890 3089 Nicht weniger zahlte ich der Annæ
477 3075 1983 3201 Mariæ Hetzlin Vorhin Redlin Von ih
519 3185 1961 3300 rer Tochter anligenden Rombsau
511 3294 1930 3434 erischen 285 f. das den 25. Iulii
628 3507 2016 3695 Latus 310 f. - s. - d.
4227 622 4711 834 f. s. d.
2564 825 4133 979 Verfallene Iahrs Intee. mit Vierzehen gul
2602 968 4106 1083 den zwey Schilling gegen Quittung und
2593 1073 4167 1180 Herrn ober Raithandlers Errinderungs
2583 1186 4753 1308 zettl hiebey Idest 14 " 2 " -
2553 1338 4028 1487 Weiter zahlte ich dem Iohann Ruckher
2586 1472 4113 1598 Podenseerischen Gerhaben Von anligenden
2594 1568 4040 1699 200 f. das den 15. diss Verfallene
2604 1668 4090 1816 Iahrs Intee. mit Zehen gulden auff
2590 1804 4746 1965 sein Quittung hiebey Idest 10 " - " -
2574 1972 4099 2224 Eodem die zahlte ich dem Gregor hitzen
2601 2171 4103 2301 thaller alß gerhaben Von denen anli
2582 2297 4102 2410 genden Margarethæ Görtzischen 150 f.
2597 2391 4089 2516 das den 18. diss Verfallene Iahrs In
2608 2498 4081 2614 teresse mit Süben gulden Vier Schil
2624 2590 4038 2743 ling ut Quittung Vndt Errinderungs
2611 2695 4745 2868 zettl hiebey Idest 7 " 4 " -
2545 2942 4077 3101 Den 19. dito zahlte ich Fr. Euæ Rosinæ
2594 3090 4061 3205 Aichbergerin Von ihren anligenden
2603 3206 4020 3344 2500 f. das anheunt Verfallene
2744 3419 4090 3661 Latus 31 f. 6 s. - d.
