4971 4309
697 706 1129 883 September
2293 570 2462 797 f. s. d.
591 874 2141 1080 Ferrer zahlte ich der IungFr. Mariæ
657 1059 2165 1169 Celestinæ de Martin Von ihren ange
682 1145 2139 1289 legenen 200 f. das Von Letzten Martii
689 1274 2167 1410 16. biß anheunt auff 2 ½ Iahr Ver
680 1379 2148 1507 fallene Intee. mit Fünff Vnd Zwain
684 1474 2110 1649 zig gulden Vermög Quittung hiebey
1748 1490 2464 1715 Idest 25 " - "
646 1712 2127 1860 Nichtweniger zahlte ich Herrn Mathiæ
625 1805 2187 1969 Carl Leßer weegen der Frey gemacht
652 1921 2158 2074 Fürst Schwartzenbergischen Hausern die
662 2043 2142 2183 halb Iährige täx Von Michaelii 717.
654 2161 2174 2291 biß Georgii 718. mit Funffzig gulden
665 2166 2454 2417 Crafft Quittung Hiebey Idest 50 " - "
653 2475 2143 2643 Eodem die zahlte ich Herrn Leopolt Fri
650 2598 2093 2748 derich Pfeiffer des aussern Raths
644 2697 2146 2867 Vndt Kirchenmaister bey St. Stephann Von
655 2839 2048 2968 anligenden 1000 f. das den 26.
654 2932 2041 3083 diss Verfallene Iahrs Intee. mit
666 3034 2128 3216 Funffzig gulden Lauth Quittung hie
677 3036 2465 3298 bey Idest 50 " - "
565 3300 2131 3493 In Simili Zahlte ich Herrn Caspar Saltz
812 3548 2120 3742 Latus 125 f. - s. - d.
4234 613 4772 855 f. s. d.
2669 836 4131 985 Bauer des aussern Raths Vndt Verwal
2635 953 4126 1091 tern der Hauß armen Leuth Laad in ab
2644 1078 4086 1194 schlag der auff diss Iahr Verfallenden
2666 1184 4130 1318 Intee. Fünff Hundert Gulden gegen
2645 1263 4786 1435 Quittung hiebey Idest 500 " - " -
2623 1552 4137 1695 Mehrbemelten 30. 7br. zahlte ich der
2650 1664 4100 1797 Mariæ Magdalenæ Camerlingin ge
2660 1798 4137 1908 bohrner blaßbergerin Von ihren zweyen
2663 1898 4129 2011 Capitalien per 2000 f. das den 16. diss
2664 2006 4089 2117 und den 6. octob. Verfallene Iahrs
2650 2100 4149 2223 Interesse mit Ain Hundert gulden
2658 2201 4785 2369 ut Quittung hiebey Idest 100 " - " -
2569 2417 4114 2607 Ingleichen zahlte ich dem Iohann geörg
2660 2579 4164 2691 Gerhardt Von seinen anligenden 3000 f.
2660 2678 4083 2818 das den 26. Aug. Verfallene Iahrs
2683 2769 4094 2920 Intee. mit Ainhundert Vnd Funffzig
2670 2886 4816 3073 gulden Inhalt Quittung hiebey Idest 150 f " - " -
2656 3133 4132 3290 Auch Zahlte ich der Sophiæ Fuessin Von ihrer
2673 3239 4123 3420 Kinder anligenden Frädl oder Fueßischen
2824 3487 4090 3710 Latus 750 f. - s. - d.
