4928 3950
935 437 2082 547 Stapffer Mauthnern vnderm
938 553 2092 631 Rottenthuern sein wegen der
947 630 2139 710 Wein Zue fuhr bewilligtes deputat
989 709 2100 801 auf Vier Wochen benendtlichen
955 800 2143 889 Sechs Gulden rh. vermüg Quit
934 825 2475 967 tung hiebey Idest 6 " - " -
899 1088 2120 1216 Insimili Zalte Ich auch vorbemelten
931 1219 2103 1300 Wein Commissarien vnder den
944 1291 2164 1381 Khärnerthor Ihr an heundt verfal
932 1386 2119 1473 lene 14.tägige besoldung be
945 1470 2114 1558 nendtlichen Zöchen Gulden rh.
956 1469 2484 1652 lauth Quittung hiebey Idest 10 f - " -
916 1740 2119 1872 Gleichsfalß Zalte Ich denen beeden
943 1871 2087 1959 Wein Commissarien vnder den
944 1964 2119 2049 Schottenthor ihr mit heuttigen
916 2046 2081 2132 dato verfallene 14.tägige be
927 2126 2116 2208 soldungen benendtlichen Zöchen gul
900 2210 2110 2312 den rh. lauth Quittung hiebey
1809 2212 2473 2394 Idest 10. f - " -
851 2453 2121 2622 Ich Zalte auch den Wein Commis. vn
943 2620 2116 2715 der den Rottenthurn sein gebührendte
935 2712 2063 2851 14.tägige besoldung ut Quit. hiebey
883 2978 2254 3225 Latus 26. f - s - d.
3005 357 4162 492 Benendtlichen Fünff Gulden
3017 489 4714 592 reinisch Idest 5. f - " -
2919 696 4216 811 Bemelten tag Zalte ich auch Gemain
2985 811 4199 894 er Statt Restanten Commissario
2995 896 4175 986 Leonhardt Khärnern in abschlag
3000 981 4189 1070 seiner lauffenden diensts besol
3020 1060 4201 1151 dung benentlichen Zwölff Gulden
3013 1148 4206 1258 rh. Crafft dessen Quittung hie
3019 1225 4726 1323 bey Idest 12. f - " -
2909 1435 4170 1591 Mit gleichem dato Zalte Ich denen
2999 1594 4185 1681 beettelgesindts aufsehern deren
3009 1686 4164 1766 dise wochen drey gedient alß
2996 1766 4161 1861 Wolffen Riedl Hannß Peter
2994 1863 4171 1940 Müllner vnd Hannsen Khrauß
2995 1940 4174 2032 ihr gebührendte wochentliche be
3002 2021 4189 2106 soldung benentlichen Söchs gul
3001 2107 4166 2219 den rh. ut Quittung hiebey
3910 2170 4696 2294 Idest 6. f - " -
2937 2362 4225 2523 Den 18. dito Zalte Ich Thobia Trolen
3011 2522 4193 2595 Rumormaister Leüthenant
3010 2594 4224 2678 die für ihmb sambt Ailff Sol
3011 2678 4188 2782 daten vnd den Stackhmaister
3142 2926 4414 3195 Latus 23. f - s - d
