<?xml version="1.0" encoding="UTF-8" standalone="yes"?>
<PcGts xmlns="http://schema.primaresearch.org/PAGE/gts/pagecontent/2013-07-15">
    <Metadata>
        <Creator>prov=READ-COOP:name=PyLaia@TranskribusPlatform:version=2.27.0:model_id=364005:lm=provided:date=24_07_2025_10:26</Creator>
        <Created>2025-07-22T09:47:23.300+02:00</Created>
        <LastChange>2025-09-01T12:57:16.199+02:00</LastChange>
        <TranskribusMetadata docId="9680044" pageId="100632721" pageNr="272" status="GT" userId="261754" imgUrl="https://files.transkribus.eu/Get?id=XQPJPELARPFBLAGMJAYCYGER&amp;fileType=view" imageId="84441893"/>
    </Metadata>
    <Page imageFilename="100632721.tif" imageWidth="4928" imageHeight="3989">
        <TextRegion id="region_149283989" custom="readingOrder {index:0;}">
            <Coords points="0,0 2464,0 2464,3989 0,3989"/>
            <TextLine id="tl_1753343982" custom="readingOrder {index:0;}">
                <Coords points="891,514 890,564 893,575 963,586 1039,589 2000,589 2032,587 2046,581 2046,547 2037,541 1871,518 1643,497 993,484 937,487 896,503"/>
                <Baseline points="890,562 2046,562"/>
                <TextEquiv>
                    <Unicode>tian Feichtner auch Gemainer</Unicode>
                </TextEquiv>
            </TextLine>
            <TextLine id="tl_1753343988" custom="readingOrder {index:1;}">
                <Coords points="890,589 2082,589 2082,683 890,683"/>
                <Baseline points="890,658 2082,658"/>
                <TextEquiv>
                    <Unicode>Statt Buechhalterey Verwahnten</Unicode>
                </TextEquiv>
            </TextLine>
            <TextLine id="tl_1753343989" custom="readingOrder {index:2;}">
                <Coords points="2076,695 2069,688 2031,686 1291,694 923,693 902,695 889,701 887,756 896,767 942,769 1363,769 1605,761 1972,759 2073,749 2076,743"/>
                <Baseline points="887,746 2076,746"/>
                <TextEquiv>
                    <Unicode>in abschlag seiner diensts besol</Unicode>
                </TextEquiv>
            </TextLine>
            <TextLine id="tl_1753343959" custom="readingOrder {index:3;}">
                <Coords points="898,764 2116,764 2116,855 898,855"/>
                <Baseline points="872,830 2116,830"/>
                <TextEquiv>
                    <Unicode>dung benendtlichen dreyssig Gul</Unicode>
                </TextEquiv>
            </TextLine>
            <TextLine id="tl_1753343976" custom="readingOrder {index:4;}">
                <Coords points="887,855 2080,855 2080,955 887,955"/>
                <Baseline points="887,930 2080,930"/>
                <TextEquiv>
                    <Unicode>den rh. vermüg Quittung hie</Unicode>
                </TextEquiv>
            </TextLine>
            <TextLine id="tl_1753343965" custom="readingOrder {index:5;}">
                <Coords points="2485,872 2478,861 2452,858 2366,882 2238,905 1894,937 1750,943 1225,944 975,950 911,960 901,968 899,982 901,1001 908,1008 989,1023 1621,1024 1931,1034 2067,1029 2290,1007 2422,980 2439,962 2472,954 2482,943"/>
                <Baseline points="899,990 2485,990"/>
                <TextEquiv>
                    <Unicode>bey Idest 30. f - " -</Unicode>
                </TextEquiv>
            </TextLine>
            <TextLine id="tl_1753343951" custom="readingOrder {index:6;}">
                <Coords points="814,1252 816,1314 828,1320 870,1325 1970,1325 2081,1315 2101,1310 2102,1303 2101,1227 2088,1224 1765,1217 1553,1206 1205,1203 1149,1185 1131,1156 1072,1150 973,1158 940,1170 911,1175 898,1189 866,1197 861,1201 858,1220 820,1238"/>
                <Baseline points="814,1279 2102,1279"/>
                <TextEquiv>
                    <Unicode>Den 28. dito Zalte Ich herrn Melchior</Unicode>
                </TextEquiv>
            </TextLine>
            <TextLine id="tl_1753343984" custom="readingOrder {index:7;}">
                <Coords points="861,1326 2089,1326 2089,1417 861,1417"/>
                <Baseline points="861,1392 2089,1392"/>
                <TextEquiv>
                    <Unicode>Stapffer des Aussern Raths vnd</Unicode>
                </TextEquiv>
            </TextLine>
            <TextLine id="tl_1753343978" custom="readingOrder {index:8;}">
                <Coords points="2068,1430 2060,1424 2025,1422 1651,1422 1309,1439 1155,1429 912,1429 867,1436 867,1492 882,1498 1585,1499 1926,1490 2062,1472 2068,1467"/>
                <Baseline points="867,1479 2068,1479"/>
                <TextEquiv>
                    <Unicode>Mauthnern vnder dem Rotten</Unicode>
                </TextEquiv>
            </TextLine>
            <TextLine id="tl_1753343986" custom="readingOrder {index:9;}">
                <Coords points="2086,1494 2083,1490 2066,1487 2011,1488 1523,1516 1238,1522 930,1517 873,1524 869,1528 868,1569 871,1578 891,1580 1876,1579 2032,1570 2084,1560"/>
                <Baseline points="868,1556 2086,1556"/>
                <TextEquiv>
                    <Unicode>thuern sein wegen der Wein Zue</Unicode>
                </TextEquiv>
            </TextLine>
            <TextLine id="tl_1753343963" custom="readingOrder {index:10;}">
                <Coords points="2065,1607 2061,1599 2004,1589 1919,1585 1583,1584 1232,1597 928,1596 860,1607 857,1615 857,1661 861,1670 910,1672 1564,1672 1876,1665 2055,1651 2065,1645"/>
                <Baseline points="857,1650 2065,1650"/>
                <TextEquiv>
                    <Unicode>fuhr bewilligtes deputat der</Unicode>
                </TextEquiv>
            </TextLine>
            <TextLine id="tl_1753343971" custom="readingOrder {index:11;}">
                <Coords points="2130,1673 2125,1666 2111,1664 1947,1665 924,1691 864,1699 861,1704 861,1750 865,1758 874,1761 921,1763 1755,1762 2112,1748 2128,1742"/>
                <Baseline points="861,1736 2130,1736"/>
                <TextEquiv>
                    <Unicode>wochentlichen 12. s d. auf Vier wochen</Unicode>
                </TextEquiv>
            </TextLine>
            <TextLine id="tl_1753343975" custom="readingOrder {index:12;}">
                <Coords points="895,1758 2072,1758 2072,1848 895,1848"/>
                <Baseline points="855,1824 2072,1824"/>
                <TextEquiv>
                    <Unicode>an heundt verfallen benendt</Unicode>
                </TextEquiv>
            </TextLine>
            <TextLine id="tl_1753343972" custom="readingOrder {index:13;}">
                <Coords points="852,1848 2085,1848 2085,1942 852,1942"/>
                <Baseline points="852,1917 2085,1917"/>
                <TextEquiv>
                    <Unicode>lichen Sechs Gulden rh. vermüg</Unicode>
                </TextEquiv>
            </TextLine>
            <TextLine id="tl_1753343970" custom="readingOrder {index:14;}">
                <Coords points="2465,1854 2462,1846 2439,1838 2320,1837 2249,1851 2229,1863 2171,1882 2048,1914 1980,1925 1743,1943 1253,1958 1022,1950 898,1955 864,1964 861,2023 868,2034 882,2040 932,2044 1529,2043 1680,2036 1914,2035 2015,2028 2165,2003 2398,1942 2420,1908 2458,1890 2464,1878"/>
                <Baseline points="861,1990 2465,1990"/>
                <TextEquiv>
                    <Unicode>Quittung hiebey Idest 6. f - " -</Unicode>
                </TextEquiv>
            </TextLine>
            <TextLine id="tl_1753343958" custom="readingOrder {index:15;}">
                <Coords points="827,2251 828,2327 835,2333 874,2339 1870,2340 1980,2335 1998,2332 2004,2327 2004,2275 1991,2268 1853,2256 1663,2227 1479,2215 1355,2201 1264,2206 1227,2214 1161,2221 1107,2220 1018,2210 884,2206 847,2212 831,2223"/>
                <Baseline points="827,2303 2004,2303"/>
                <TextEquiv>
                    <Unicode>Eodem die Zalte Ich auch vorbe</Unicode>
                </TextEquiv>
            </TextLine>
            <TextLine id="tl_1753343991" custom="readingOrder {index:16;}">
                <Coords points="870,2342 2021,2342 2021,2425 870,2425"/>
                <Baseline points="870,2402 2021,2402"/>
                <TextEquiv>
                    <Unicode>melten beeden Wein Commis</Unicode>
                </TextEquiv>
            </TextLine>
            <TextLine id="tl_1753343980" custom="readingOrder {index:17;}">
                <Coords points="855,2429 2005,2429 2005,2506 855,2506"/>
                <Baseline points="855,2486 2005,2486"/>
                <TextEquiv>
                    <Unicode>sarien vnder den Khärnerthor</Unicode>
                </TextEquiv>
            </TextLine>
            <TextLine id="tl_1753343993" custom="readingOrder {index:18;}">
                <Coords points="882,2504 2040,2506 2040,2592 882,2590"/>
                <Baseline points="842,2569 2040,2569"/>
                <TextEquiv>
                    <Unicode>ihr an heundt verfallene 14.täg</Unicode>
                </TextEquiv>
            </TextLine>
            <TextLine id="tl_1753343973" custom="readingOrder {index:19;}">
                <Coords points="851,2588 2014,2590 2014,2678 851,2676"/>
                <Baseline points="839,2656 2014,2656"/>
                <TextEquiv>
                    <Unicode>ige besoldung benendtlichen</Unicode>
                </TextEquiv>
            </TextLine>
            <TextLine id="tl_1753343964" custom="readingOrder {index:20;}">
                <Coords points="2036,2681 2031,2674 2021,2671 1954,2670 1690,2679 908,2685 872,2688 854,2696 852,2751 855,2767 894,2769 2017,2768 2030,2765 2035,2757"/>
                <Baseline points="852,2742 2036,2742"/>
                <TextEquiv>
                    <Unicode>Zöhen Gulden rh. laut Quit</Unicode>
                </TextEquiv>
            </TextLine>
            <TextLine id="tl_1753343962" custom="readingOrder {index:21;}">
                <Coords points="2451,2664 2448,2657 2431,2650 2356,2653 2218,2689 2115,2708 2010,2740 1986,2752 1917,2763 1574,2774 1001,2776 871,2788 865,2800 862,2844 870,2859 956,2858 2133,2855 2213,2821 2234,2808 2336,2781 2390,2759 2396,2751 2401,2721 2411,2707 2447,2689"/>
                <Baseline points="864,2794 2451,2794"/>
                <TextEquiv>
                    <Unicode>tung hiebey Idest 10. f - " -</Unicode>
                </TextEquiv>
            </TextLine>
            <TextLine id="tl_1753343952" custom="readingOrder {index:22;}">
                <Coords points="898,3120 902,3146 921,3190 928,3247 939,3259 1024,3315 1080,3338 1139,3351 1703,3354 1906,3319 2010,3307 2105,3307 2148,3302 2165,3289 2169,3274 2170,3096 2156,3075 2131,3068 2093,3066 1963,3078 1922,3087 1865,3090 1823,3099 1746,3104 1687,3114 1614,3118 1509,3116 1452,3106 1395,3084 1377,3063 1347,3043 1331,3018 1248,3001 1068,3001 1030,3004 987,3015 937,3043 926,3055"/>
                <Baseline points="898,3265 2170,3265"/>
                <TextEquiv>
                    <Unicode>Latus 46. f - s - d</Unicode>
                </TextEquiv>
            </TextLine>
            <TextEquiv>
                <Unicode></Unicode>
            </TextEquiv>
        </TextRegion>
        <TextRegion id="region_249283989" custom="readingOrder {index:1;}">
            <Coords points="2464,0 4928,0 4928,3989 2464,3989"/>
            <TextLine id="tl_1753343961" custom="readingOrder {index:0;}">
                <Coords points="2983,496 2986,568 3042,586 4027,584 4163,579 4204,570 4210,562 4209,540 4202,529 4150,509 3753,472 3501,471 3433,462 3347,445 3292,429 3254,403 3245,378 3227,371 3179,370 3127,379 3108,392 3074,402 3067,420 3029,435 3023,460 2987,474"/>
                <Baseline points="2983,532 4210,532"/>
                <TextEquiv>
                    <Unicode>Insimili Zalte Ich auch denen vor</Unicode>
                </TextEquiv>
            </TextLine>
            <TextLine id="tl_1753343969" custom="readingOrder {index:1;}">
                <Coords points="3033,587 4230,587 4230,667 3033,667"/>
                <Baseline points="3033,647 4230,647"/>
                <TextEquiv>
                    <Unicode>bemelten beeden Wein Commis</Unicode>
                </TextEquiv>
            </TextLine>
            <TextLine id="tl_1753343990" custom="readingOrder {index:2;}">
                <Coords points="4202,697 4199,683 4183,679 4013,670 3676,669 3468,680 3329,682 3024,698 3021,704 3021,745 3029,752 4048,750 4200,739"/>
                <Baseline points="3021,729 4202,729"/>
                <TextEquiv>
                    <Unicode>sarien vnder den Schottenthor ihr</Unicode>
                </TextEquiv>
            </TextLine>
            <TextLine id="tl_1753343960" custom="readingOrder {index:3;}">
                <Coords points="4192,759 4184,756 4150,754 3527,758 3287,765 3027,785 3023,792 3024,834 3028,841 3514,842 3760,830 4013,824 4188,810 4193,804"/>
                <Baseline points="3023,820 4193,820"/>
                <TextEquiv>
                    <Unicode>gebührendte 14.tägige besol</Unicode>
                </TextEquiv>
            </TextLine>
            <TextLine id="tl_1753343985" custom="readingOrder {index:4;}">
                <Coords points="4212,836 4204,830 4167,827 3976,826 3713,830 3350,844 3051,847 3035,850 3026,858 3025,904 3027,910 3036,911 4183,910 4205,907 4212,900"/>
                <Baseline points="3025,889 4212,889"/>
                <TextEquiv>
                    <Unicode>dung benendtlichen Zöchen Gulden</Unicode>
                </TextEquiv>
            </TextLine>
            <TextLine id="tl_1753343967" custom="readingOrder {index:5;}">
                <Coords points="3032,912 4220,912 4220,1027 3032,1027"/>
                <Baseline points="3032,996 4220,996"/>
                <TextEquiv>
                    <Unicode>rh. lauth Quittung hiebey</Unicode>
                </TextEquiv>
            </TextLine>
            <TextLine id="tl_1753343992" custom="readingOrder {index:6;}">
                <Coords points="4701,1038 4695,1029 4682,1025 4667,1011 4637,997 4621,993 4609,985 4592,983 4240,985 4140,990 3990,991 3963,993 3919,1002 3919,1007 3914,1011 3917,1015 3915,1068 3909,1085 3910,1090 3904,1094 3911,1098 3931,1100 4514,1100 4557,1098 4600,1093 4663,1077 4693,1066 4701,1058"/>
                <Baseline points="3904,1070 4701,1070"/>
                <TextEquiv>
                    <Unicode>Idest 10. f - " -</Unicode>
                </TextEquiv>
            </TextLine>
            <TextLine id="tl_1753343957" custom="readingOrder {index:7;}">
                <Coords points="2974,1224 2976,1280 2988,1286 3036,1293 4184,1294 4206,1291 4206,1206 4170,1199 3774,1205 3649,1203 3484,1191 3252,1194 3204,1190 3113,1167 3101,1160 3072,1159 3027,1168 3020,1175 3015,1200 2979,1214"/>
                <Baseline points="2974,1258 4206,1258"/>
                <TextEquiv>
                    <Unicode>Ich Zalte auch vorgedachten Wein</Unicode>
                </TextEquiv>
            </TextLine>
            <TextLine id="tl_1753343955" custom="readingOrder {index:8;}">
                <Coords points="3002,1314 3003,1368 3052,1377 4190,1375 4211,1369 4211,1335 4201,1329 4025,1310 3759,1297 3430,1295 3264,1300 3064,1300 3012,1307"/>
                <Baseline points="3002,1355 4211,1355"/>
                <TextEquiv>
                    <Unicode>Commissario vnder den Rotten</Unicode>
                </TextEquiv>
            </TextLine>
            <TextLine id="tl_1753343987" custom="readingOrder {index:9;}">
                <Coords points="2999,1382 4223,1382 4223,1462 2999,1462"/>
                <Baseline points="2999,1442 4223,1442"/>
                <TextEquiv>
                    <Unicode>thuern sein verfallene 14.tägige</Unicode>
                </TextEquiv>
            </TextLine>
            <TextLine id="tl_1753343968" custom="readingOrder {index:10;}">
                <Coords points="3045,1463 4199,1463 4199,1551 3045,1551"/>
                <Baseline points="3010,1529 4199,1529"/>
                <TextEquiv>
                    <Unicode>besoldung benendtlichen Fünff</Unicode>
                </TextEquiv>
            </TextLine>
            <TextLine id="tl_1753343956" custom="readingOrder {index:11;}">
                <Coords points="2998,1554 4204,1554 4204,1660 2998,1660"/>
                <Baseline points="2998,1632 4204,1632"/>
                <TextEquiv>
                    <Unicode>Gulden rh. ut Quittung hie</Unicode>
                </TextEquiv>
            </TextLine>
            <TextLine id="tl_1753343996" custom="readingOrder {index:12;}">
                <Coords points="4672,1686 4667,1666 4655,1651 4584,1643 3987,1643 3793,1655 3152,1651 3026,1660 3016,1671 3015,1709 3018,1718 3040,1727 3169,1733 3899,1735 3939,1741 4580,1742 4669,1733"/>
                <Baseline points="3015,1715 4672,1715"/>
                <TextEquiv>
                    <Unicode>bey Idest 5. f - " -</Unicode>
                </TextEquiv>
            </TextLine>
            <TextLine id="tl_1753343966" custom="readingOrder {index:13;}">
                <Coords points="2888,1874 2890,1965 2901,1976 2938,1982 3457,1978 4144,1982 4170,1980 4183,1970 4183,1941 4176,1932 3966,1900 3842,1873 3716,1858 3602,1851 3366,1854 3317,1848 3240,1821 2997,1822 2949,1827 2896,1852"/>
                <Baseline points="2888,1941 4183,1941"/>
                <TextEquiv>
                    <Unicode>Ebenfahlß Zalte Ich auch vorge</Unicode>
                </TextEquiv>
            </TextLine>
            <TextLine id="tl_1753343979" custom="readingOrder {index:14;}">
                <Coords points="3015,1983 4222,1979 4222,2068 3015,2072"/>
                <Baseline points="2971,2045 4222,2045"/>
                <TextEquiv>
                    <Unicode>melten Vier Pettel Gesindts</Unicode>
                </TextEquiv>
            </TextLine>
            <TextLine id="tl_1753343983" custom="readingOrder {index:15;}">
                <Coords points="3013,2064 4238,2064 4238,2145 3013,2145"/>
                <Baseline points="3013,2124 4238,2124"/>
                <TextEquiv>
                    <Unicode>aufsehern die ihnen an heundt</Unicode>
                </TextEquiv>
            </TextLine>
            <TextLine id="tl_1753343974" custom="readingOrder {index:16;}">
                <Coords points="3024,2149 4191,2149 4191,2244 3024,2244"/>
                <Baseline points="2994,2218 4191,2218"/>
                <TextEquiv>
                    <Unicode>gebührendte 14.tägige besoldung</Unicode>
                </TextEquiv>
            </TextLine>
            <TextLine id="tl_1753343977" custom="readingOrder {index:17;}">
                <Coords points="3018,2237 4185,2239 4185,2331 3018,2329"/>
                <Baseline points="2996,2308 4185,2308"/>
                <TextEquiv>
                    <Unicode>benendtlichen Sechzechen Gulden</Unicode>
                </TextEquiv>
            </TextLine>
            <TextLine id="tl_1753343981" custom="readingOrder {index:18;}">
                <Coords points="3026,2330 4205,2330 4170,2431 3026,2448"/>
                <Baseline points="3026,2417 4205,2417"/>
                <TextEquiv>
                    <Unicode>rh. Inhalt Quittung hiebey</Unicode>
                </TextEquiv>
            </TextLine>
            <TextLine id="line_1753344801225_718" custom="readingOrder {index:19;}">
                <Coords points="3947,2396 4030,2398 4491,2376 4587,2377 4627,2385 4640,2397 4701,2405 4701,2494 4629,2500 4063,2498 3947,2484"/>
                <Baseline points="3947,2469 4643,2469"/>
                <TextEquiv>
                    <Unicode>Idest 16. f - " -</Unicode>
                </TextEquiv>
            </TextLine>
            <TextLine id="tl_1753343953" custom="readingOrder {index:20;}">
                <Coords points="2951,2657 2954,2691 2980,2708 2996,2728 3040,2738 3114,2744 3998,2746 4154,2733 4172,2728 4176,2720 4176,2673 4168,2662 4027,2630 3896,2613 3838,2612 3678,2599 3592,2599 3497,2606 3405,2604 3354,2594 3335,2584 3310,2579 3299,2570 3287,2548 3225,2538 3114,2540 3044,2555 3028,2571 3005,2578 2993,2587 2986,2622 2957,2643"/>
                <Baseline points="2951,2694 4176,2694"/>
                <TextEquiv>
                    <Unicode>Den lesten dito Zalte Ich herrn</Unicode>
                </TextEquiv>
            </TextLine>
            <TextLine id="line_1753344812809_728" custom="readingOrder {index:21;}">
                <Coords points="3238,2895 3257,2886 3283,2879 3315,2861 3401,2844 3553,2845 3589,2854 3613,2878 3643,2890 3650,2917 3659,2925 3689,2937 3712,2954 3758,2965 3885,2965 4061,2941 4125,2938 4290,2940 4437,2958 4452,2973 4452,3149 4430,3166 4388,3169 4271,3125 4105,3128 4011,3125 3886,3123 3844,3127 3271,3096 3244,3090"/>
                <Baseline points="3238,3129 4452,3129"/>
                <TextEquiv>
                    <Unicode>Latus 31. f - s - d</Unicode>
                </TextEquiv>
            </TextLine>
            <TextEquiv>
                <Unicode></Unicode>
            </TextEquiv>
        </TextRegion>
    </Page>
</PcGts>
