4912 3980
902 472 2068 600 Wein Commissarien vnder den Schotten
890 603 2061 688 thor ihr gebührendt 14.tägige be
887 687 2072 771 soldung benentlichen Zöchen Gul
879 771 2077 868 den rh. vermüg Quittung hiebey
1755 784 2465 935 Idest 10. f - " -
855 971 2033 1103 Nicht weniger Zalte Ich auch dem
894 1103 2080 1183 Wein Commissario vnder den Rot
879 1186 2075 1264 tenthuern sein an heundt verfal
914 1262 2057 1343 lene 14.tägige besoldung be
899 1339 2065 1420 nendtlichen Fünff Fulden rh.
874 1367 2478 1524 Inhalt Quittung hiebey Idest 5 f - " -
782 1636 2019 1784 Ebenfahlß Zalte Ich auch dem
849 1781 2035 1874 Gregor huetter Todtenbschawer
874 1863 2020 1943 wegen der Armen so das bschaw
888 1951 2025 2038 geldt nicht Zugeben haben sein
867 2038 2019 2123 von Georgi biß Michaeli diß
877 2117 2069 2211 Iahr verfallene halb Iährige depu
901 2210 2064 2292 tat benentlichen Funffzechen Gul
858 2294 2016 2401 den rh. ut Quittung hiebey
1728 2289 2449 2455 Idest 15. f - " -
800 2499 2045 2631 Mit gleichem dato Zalte Ich mehr
861 2631 2075 2722 mallen denen Vier Pettelgesindts
890 2717 2032 2804 aufsehern Ihr an heundt verfallen
861 2801 2063 2913 wochentliche besoldung benendt
950 2982 2210 3295 Latus 30. f - s - d.
3036 462 4193 595 lichen Acht Gulden rh. Lauth
2980 592 4637 713 Quittung hiebey Idest 8. f - " -
2945 856 4143 1005 Den 7. 8br. Zalte Ich Gemainer
2987 1003 4112 1085 Statt Wienn Remannenzern
2988 1090 4164 1178 herrn Iohann Andree Peträtschekhen
2979 1175 4134 1251 sein von 1. Ianuarii biß lesten
2964 1253 4150 1342 Iunii diß Iahr verfallene halb
2963 1343 4211 1431 Iahrige Remanenzer Ambts besol
2997 1427 4179 1512 dung benendtlichen Ainhundert
2984 1514 4155 1618 Gulden rh. vermüg Quittung
2980 1602 4693 1718 hiebey Idest 100. f - " -
2964 1846 4232 1975 Eodem die Zalte Ich Iohann Baptista
2993 1973 4171 2057 Walchen Mößnern ad Saluatorem
2989 2058 4187 2142 über die vorher beraiths bezalten
2977 2144 4166 2228 Zöchen Gulden anietzt den über
2995 2226 4162 2307 rest seiner Zue Michaeli verfal
3019 2305 4175 2398 lenen halb Iährigen besoldung be
2990 2400 4201 2501 nendtlichen Sechzehen Gulden rh.
3000 2497 4706 2617 ut Quit. hiebey Idest 16. f - " -
2987 2694 4186 2854 Den 10. dito Zalte Ich herrn Adamen
3069 2961 4345 3219 Latus 124. f - s - d
