4912 3980
888 455 2091 577 soldung benendtlichen Zöchen Gulden
903 546 2460 695 rh. ut Quittung hiebey Idest 10. f - " -
831 804 2050 958 Ebenmessig Zalte Ich auch denen
856 961 2062 1045 beeden Wein Commissarien vnder
867 1052 2043 1131 den Schottenthor alß hannsen
858 1123 2056 1211 hennenfeindt vnd hannsen Seiff
841 1214 2059 1301 Ihr an heundt verfallene 14.täg
883 1297 2082 1379 ige besoldung benendtlichen Zochen
844 1380 2053 1488 Gulden rh. Inhalt Quittung
858 1423 2446 1564 hiebey Idest 10. f - " -
743 1670 2040 1818 Nicht weniger Zalte Ich auch den
831 1823 2052 1913 Geörgen Mayrhoffer Wein Com
845 1911 2030 1994 missari vnder den Rottenthuern
844 2001 2057 2088 sein mit heuttigen dato verfal
836 2082 2066 2169 lene 14.tägige besoldung benendt
859 2162 2046 2261 lichen Fünff Gulden rh. ut Quit
831 2205 2422 2350 tung hiebey Idest 5. f - " -
776 2449 2008 2590 Gleicher gestalten Zalte Ich auch
837 2587 2013 2673 denen Verordneten Pettelgesindts
840 2677 1995 2758 aufsehern alß Christian Plaur
815 2758 1960 2868 Wolffen Riedl hannß Peter
926 2964 2143 3269 Latus 25. f - s - d
2993 451 4167 565 Müllner vnd hannsen Khrauß
3006 573 4172 659 ihr an heundt verfallene 14.täg
3005 660 4161 742 ige besoldung darunder aber
3034 747 4166 827 ainen nur auf 8. tag vermüg
2987 823 4186 914 Quittung hiebey benendtlichen
2971 910 4731 1035 Viertzöchen Gulden rh. Idest 14. f - " -
2947 1104 4217 1273 Den 18. dito Zalte Ich Thobiasen Trol
2993 1279 4183 1353 Rumormaister Leüthenanten
2997 1357 4192 1443 die für ihmb sambt Ailff Khnechten
3000 1444 4212 1520 vnd den Stockhmaister an heundt
3031 1523 4184 1605 verfallene Monatliche besoldung
3021 1605 4232 1704 benendtlichen Fünff vnd Sechzig Gul
2992 1704 4193 1810 den rh. vermüg Quittung hie
2988 1792 4729 1903 bey Idest 65. f - " -
2899 2000 4173 2170 Den 21. dito Zalte Ich widerumben
2990 2172 4174 2246 herrn Michäel Scheibel Gemainer
2982 2248 4202 2336 Statt Buechhalterey Verwohnten
2990 2336 4183 2415 sein mit Quatember Weynachten
3029 2414 4183 2498 verfallendte besoldung völlig
2992 2497 4225 2583 mit Zöchen Gulden rh. Inhalt
2992 2586 4700 2703 Quittung hiebey Idest 10. f - " -
2973 2724 4218 2868 Den 22 dito Zalte Ich herrn Sebaß
3008 2939 4345 3277 Latus 89. f - s - d
