4912 3980
853 452 2144 642 Dito Zalte Ich herrn Christophen
888 643 2140 733 Ziegler auch Gemainer Statt Wienn
887 735 2121 822 Buechhalterey Verwahnten sein
915 821 2134 908 mit lesten Xbr. diß Iahr ver
882 907 2143 999 fallendte diensts besoldung be
900 996 2167 1093 nendtlichen Zwainzig Gulden rh.
901 1023 2486 1188 ut Quittung hiebey Idest 20. f - " -
821 1307 2070 1464 Ich Zalte auch disen tag den Tho
842 1462 2073 1550 bia Throlln Rumermaister
851 1556 2134 1642 Leütenanten die für ihmb sambt
851 1647 2083 1734 andern Ailff Soldaten vnd den
839 1728 2099 1819 Stackhmaister mit heuttigen
869 1813 2121 1908 dato verfallene vnd gebührendte
823 1900 2065 1997 besoldung benendtlichen Fünff
841 1997 2103 2094 vnd Sechzig Gulden rh. Inhalt
836 1983 2460 2178 Quittung hiebey Idest 65. f - " -
704 2312 2021 2518 Den 22. dito Zalte Ich auch herrn
788 2508 2076 2604 hannß Geörg von Perg restanten
807 2594 2030 2688 Commissario in abschlag seiner
813 2687 2089 2780 gebührendten besoldung benendt
799 2772 2064 2893 lichen Funffzig Gulden rein
873 3002 2232 3316 Latus 85. f - s - d
2995 422 4246 557 isch Crafft dessen Quittung hie
2950 546 4770 664 bey Idest 50. f - " -
2966 773 4257 945 Den 24. dito Zalte Ich herrn Marxen
2985 940 4239 1035 Purian deß Aussern Raths vnd
2964 1032 4316 1116 Gemainer Statt Wienn ober Buech
2950 1122 4272 1205 haltern in abschlag seiner auf das
3007 1206 4305 1299 1652.iste Iahr verfallenden besol
2976 1297 4288 1384 dung vorhinein benendtlichen Ain
2979 1386 4287 1474 hundert vnd Funffzig Gulden rh.
2998 1470 4770 1601 lauth Quittung hiebey Idest 150. f - " -
2919 1691 4268 1864 Den 25. dito Zalte Ich herrn Melchior
2981 1866 4263 1955 Stapffer deß Aussern Raths vnnd
2980 1953 4295 2037 Mauthnern vnder dem Rottenthuern
2990 2034 4244 2122 sein wegen der Wein Zue fuhr für
3000 2126 4259 2210 ihmb bewilligtes wochentliche de
2991 2216 4273 2296 putat auf Vier wochen mit heut
3004 2295 4250 2378 tigen dato verfallen benendtlichen
2983 2381 4249 2484 Söchs Gulden rh. ut Quittung
2983 2442 4767 2563 hiebey Idest 6. f - " -
2945 2649 4220 2791 Ich Zalte auch disen tag vorbe
2955 2787 4290 2896 melten beeden Wein Commissarien
3127 2973 4417 3293 Latus 206. f - s - d
