4912 3855
699 693 1922 861 Georgi bis Michaeli dis Iahr dauon
752 846 1903 974 gebiehrendte Interesse Benentlichen
725 958 1885 1076 fünffvnnd Zwaintzig gulden rh.
720 1045 2388 1205 vermüg Quittung so hiebey Idest 25 f - s - d.
707 1300 1859 1452 Den 26. dito Zalte Ich Herrn Alberto
733 1440 1828 1556 Alber Caplan bey St. Stephan das
736 1550 1837 1656 Ienige weegen der Chor Caplaney
739 1649 1861 1763 daselbst auf das Monath Augustii
726 1748 1940 1858 September vnnd October gebiehrendte
740 1851 1874 1971 deputat Benentlichen Zwölff gulden
726 1952 2367 2116 rh. vermüg Quittung so hiebei Idest 12 f - s - d.
713 2191 1900 2368 Eodem die Zalte Ich Herrn Hannßen
759 2352 1833 2475 Pieringer des Aussern Raths
766 2459 1927 2588 vnnd Vngelts Einembern von seinen
764 2567 1878 2686 bey Gema. Statt anligendt gehabten
742 2667 1909 2781 Drey Tausent gulden Capital das
758 2767 1944 2897 von 26. April bis 26. dis Monaths
936 2987 1853 3200 Latus 37. f - s - d.
2972 705 4151 857 verfallenes halb Iähriges Interesse
2989 848 4135 971 Benentlichen Neüntzig gulden rh. ver
3021 969 4716 1155 müg Quittung so hiebey Idest 90 f - s - d.
2944 1171 4168 1311 Den 30. dito Zalte Ich dem Ehrwürdig
3003 1293 4230 1415 vnnd Geistlichen Herrn Alberto Wilpfen
2993 1397 4120 1507 haffer der Societet Iesu Priestern
2998 1499 4128 1611 vnnd procuratorn im Profeßhauß
2992 1598 4085 1720 die auf das Monath September
2989 1717 4124 1821 von Gema. Statt weegen dahin ge
2975 1814 4111 1937 bierendte funfftzig gulden rh. ver
2970 1925 4689 2099 müg Quittung so hiebey Idest 50 f - s - d.
2933 2190 4059 2358 Den Lesten dito beZalte Ich der Rom.
2956 2351 4064 2482 Khayl. Mayl. Statt Richtern Herrn
2964 2470 4081 2579 friderichen Häffer von seinen bey
2946 2569 4124 2695 Gema. Statt anligendten Zway Tau
2957 2678 4165 2798 sent gulden Capital alß von 28. April
2973 2777 4072 2915 bis 28. diß Monaths dauon ver
3199 2994 4111 3202 Lattus 140 f - s - d.
