4926 3858
778 747 1908 868 Alberto Wilphenhaffer des Profeß
757 871 1858 983 hauß Procuratorn das auf diß
758 977 1960 1086 Monath gebierendte deputat Benent
757 1079 1915 1196 lichen fünfftzig gulden rh. vermüg
743 1132 2449 1309 Quittung so hiebey Idest 50 f - s - d.
738 1458 1842 1613 Ingleichen Zalte Ich Herrn Iohann
774 1599 1937 1711 Khauffunger des Collegy der Herrn
776 1701 1872 1806 Iesuiten Procuratorn weegen der
769 1791 1904 1897 Catharina Drinckhlin Aintausent
801 1894 1876 1998 gulden Stifftung das auf dis Iahr
773 1991 1891 2089 dauon gebiehrendte Interesse Be
763 2085 1903 2185 nentlichen funfftzig gulden rh. ver
767 2151 2443 2305 müg Quittung so hiebey Idest 50 f - s - d.
800 2364 1957 2507 Vnnd dan so beZalte Ich Paulln Pichler
796 2502 1889 2610 von seinen bey Gema. Statt anlig
784 2602 1904 2712 endten Achthundert gulden Capital
801 2699 1879 2804 das mit Endt dis Iahrs dauon
801 2795 1894 2918 verfallene Interesse Benentlichen
909 3007 1969 3218 Lattus 100 f - s - d.
2959 716 4085 844 Viertzig gulden rh. vermüg Quittung
2995 844 4682 997 hiebey Idest 40 f - s - d.
2924 1068 4096 1204 Den Lesten dito Zalte Ich frauen Catharina
2977 1192 4137 1298 Barbara Prudentin Wittib von Ihren
2979 1292 4136 1391 bey Gema. Statt anligendten Aintau
2963 1382 4129 1487 sent Neünhundert gulden Capital das
2971 1480 4063 1595 auf dis Iahr dauon verfallene In
2946 1574 4154 1681 steresse Benentlichen Ainhundert funff
2953 1674 4116 1784 tzehen gulden rh. vermüg Quittung so hie
2953 1781 4676 1948 bey Idest 115 f - s - d.
3444 1922 3647 2070 q
2937 2060 4039 2190 Den 2. dito Zalte Ich Herrn Iacoben
2976 2187 4081 2294 Berchtoldt freyherrn von seinen bey
2970 2285 4121 2385 Gema. Statt anligendten Capital das
2989 2386 4071 2492 mit Lesten Augustii dis Iahr dauon
2982 2481 4145 2592 verfallenes Interesse Benentlichen
2940 2582 4100 2692 Dreyhundert Zway vnd Zwaintzig
2982 2683 4213 2796 gulden rh. 5. s. 27 d. vermüg Quittung
2997 2792 4746 2969 so hiebey Idest 322 f 5 s 27. d.
3230 2943 4290 3122 Lattus 477 f 5 s 27 d.
