4922 3853
2583 189 4185 678 Ausgab auf Ambt
2986 662 4121 807 leuth vnnd Diener Bsold
3260 785 3700 902 tungen
2998 1000 4231 1144 Den 9. Ianuarii Anno etc. Sechtzehenhundert vierZig
3017 1137 4258 1248 Zalte Ich Gema. Statt Wienn Buechhalterey
3005 1240 4205 1335 verwanthen Herrn Iohann Laucher die
2991 1330 4253 1441 Ihme von primo Ianuarii bis ultimo Martii
2994 1426 4190 1531 khunfftig verfallenndte Diensts Bsoldung
2997 1520 4260 1635 alß ain viertl Iahr Benentlichen Zway
2973 1619 4185 1731 vnnd Viertzig gulden 4 s vermüg Quit
2966 1727 4739 1896 tung so hiebey Idest 42 f 4 s - d.
2943 2012 4167 2152 Den 2. Februarii Zalte Ich dem Michael Am
2985 2138 4194 2253 berger Mäßnern Zu St. Saluator weegen
2986 2238 4151 2342 der aldahin durch das gantze Iahr ver
2984 2333 4147 2446 richten Khirchen Wäsch das für diß
2970 2439 4242 2542 Iahr dauon gebiehrendte deputat Benent
2972 2532 4235 2662 lichen Zehen gulden rh. vermüg Quittung
2997 2657 4735 2833 so hiebey Idest 10 f - s - d
3131 2895 4114 3123 Lattus 52 f 4 s - d.
