<?xml version="1.0" encoding="UTF-8" standalone="yes"?>
<PcGts xmlns="http://schema.primaresearch.org/PAGE/gts/pagecontent/2013-07-15" xmlns:xsi="http://www.w3.org/2001/XMLSchema-instance" xsi:schemaLocation="http://schema.primaresearch.org/PAGE/gts/pagecontent/2013-07-15 http://schema.primaresearch.org/PAGE/gts/pagecontent/2013-07-15/pagecontent.xsd">
    <Metadata>
        <Creator>prov=READ-COOP:name=PyLaia@TranskribusPlatform:version=2.26.0:model_id=327853:lm=provided:date=07_05_2025_10:38</Creator>
        <Created>2025-04-30T10:42:05.383+02:00</Created>
        <LastChange>2025-05-07T13:25:41.311+02:00</LastChange>
        <TranskribusMetadata docId="8217736" pageId="96069671" pageNr="161" tsid="242480684" status="IN_PROGRESS" userId="261754" imgUrl="https://files.transkribus.eu/Get?id=RDALOVPZOHDMVKOGMHSIYPEQ&amp;fileType=view" xmlUrl="https://files.transkribus.eu/Get?id=CDRGROQDXUPKADTWPVDAFETK" imageId="80434021"/>
    </Metadata>
    <Page imageFilename="96069671.tif" imageWidth="4911" imageHeight="3869">
        <ReadingOrder>
            <OrderedGroup id="ro_1746617141312" caption="Regions reading order">
                <RegionRefIndexed index="0" regionRef="region_149113869"/>
                <RegionRefIndexed index="1" regionRef="region_249113869"/>
            </OrderedGroup>
        </ReadingOrder>
        <TextRegion id="region_149113869" custom="readingOrder {index:0;}">
            <Coords points="0,0 2455,0 2455,3869 0,3869"/>
            <TextLine id="tl_1746606481" custom="readingOrder {index:0;}">
                <Coords points="719,710 1878,710 1878,868 719,868"/>
                <Baseline points="719,827 1878,827"/>
                <TextEquiv>
                    <Unicode>fallene Quartal Benentlichen</Unicode>
                </TextEquiv>
            </TextLine>
            <TextLine id="tl_1746606486" custom="readingOrder {index:1;}">
                <Coords points="728,868 1911,868 1911,981 728,981"/>
                <Baseline points="728,952 1911,952"/>
                <TextEquiv>
                    <Unicode>Siben gulden 2 s vermüg Quit</Unicode>
                </TextEquiv>
            </TextLine>
            <TextLine id="tl_1746606476" custom="readingOrder {index:2;}">
                <Coords points="746,955 2418,955 2418,1115 746,1115"/>
                <Baseline points="746,1075 2418,1075"/>
                <TextEquiv>
                    <Unicode>tung hiebey Idest 7 f 2 s - d</Unicode>
                </TextEquiv>
            </TextLine>
            <TextLine id="tl_1746606495" custom="readingOrder {index:3;} unclear {offset:33; length:5;}">
                <Coords points="721,1254 1884,1254 1884,1405 721,1405"/>
                <Baseline points="721,1365 1884,1365"/>
                <TextEquiv>
                    <Unicode>Den 28. dito Zalte Ich der Ehrwürdigen</Unicode>
                </TextEquiv>
            </TextLine>
            <TextLine id="tl_1746606474" custom="readingOrder {index:4;} unclear {offset:14; length:8;}">
                <Coords points="760,1483 767,1499 777,1505 815,1509 979,1502 1102,1515 1239,1512 1385,1515 1533,1500 1693,1509 1860,1500 1871,1492 1871,1431 1866,1426 1808,1417 1664,1404 1518,1408 1352,1399 1203,1407 1060,1396 810,1401 768,1411 762,1421"/>
                <Baseline points="760,1483 1871,1483"/>
                <TextEquiv>
                    <Unicode>frauen Regina bristin bey St.</Unicode>
                </TextEquiv>
            </TextLine>
            <TextLine id="tl_1746606485" custom="readingOrder {index:5;}">
                <Coords points="757,1541 757,1600 763,1611 776,1615 966,1609 1165,1611 1302,1603 1430,1609 1652,1604 1881,1613 1896,1610 1900,1603 1900,1536 1897,1527 1839,1516 1633,1511 1564,1505 1494,1505 1311,1516 1178,1510 1134,1516 1006,1505 930,1505 787,1514 767,1522 761,1528"/>
                <Baseline points="757,1586 1900,1586"/>
                <TextEquiv>
                    <Unicode>Iacob von dem bey Gema. Statt</Unicode>
                </TextEquiv>
            </TextLine>
            <TextLine id="tl_1746606487" custom="readingOrder {index:6;}">
                <Coords points="765,1654 765,1684 775,1694 824,1701 934,1708 999,1709 1245,1700 1389,1700 1487,1704 1671,1704 1766,1711 1852,1711 1864,1709 1870,1703 1870,1636 1863,1631 1673,1610 1263,1607 1023,1628 926,1628 846,1634 780,1643 769,1647"/>
                <Baseline points="765,1685 1870,1685"/>
                <TextEquiv>
                    <Unicode>anligendten Capital das den 21.</Unicode>
                </TextEquiv>
            </TextLine>
            <TextLine id="tl_1746606473" custom="readingOrder {index:7;}">
                <Coords points="754,1725 756,1795 767,1800 806,1806 1111,1822 1321,1818 1382,1824 1431,1824 1560,1813 1817,1812 1829,1809 1834,1803 1834,1752 1825,1739 1784,1726 1662,1708 1493,1718 1328,1706 1231,1707 1127,1715 826,1707 764,1712 756,1717"/>
                <Baseline points="754,1793 1834,1793"/>
                <TextEquiv>
                    <Unicode>December dis Iahr verfallene</Unicode>
                </TextEquiv>
            </TextLine>
            <TextLine id="tl_1746606496" custom="readingOrder {index:8;}">
                <Coords points="771,1837 773,1899 789,1904 1055,1919 1274,1914 1371,1929 1506,1920 1578,1933 1620,1933 1657,1922 1691,1917 1857,1918 1872,1913 1877,1904 1877,1855 1874,1844 1868,1840 1823,1832 1753,1830 1688,1823 1501,1819 1427,1828 1321,1824 1230,1834 1180,1834 1055,1820 821,1819 778,1823 773,1826"/>
                <Baseline points="771,1903 1877,1903"/>
                <TextEquiv>
                    <Unicode>Quartal Benentlichen fünff vnnd</Unicode>
                </TextEquiv>
            </TextLine>
            <TextLine id="tl_1746606472" custom="readingOrder {index:9;}">
                <Coords points="752,1938 753,1995 756,2003 767,2010 854,2023 994,2034 1088,2036 1222,2032 1349,2041 1495,2041 1780,2032 1938,2033 1977,2030 1986,2024 1989,2008 1986,1961 1967,1950 1927,1941 1838,1941 1706,1927 1585,1927 1491,1922 1256,1925 1192,1921 1026,1926 804,1917 759,1922 753,1928"/>
                <Baseline points="752,2010 1989,2010"/>
                <TextEquiv>
                    <Unicode>Dreisßig gulden rh. 4 s. 14 d. vermüg</Unicode>
                </TextEquiv>
            </TextLine>
            <TextLine id="tl_1746606464" custom="readingOrder {index:10;}">
                <Coords points="2416,2001 2409,1995 2380,1991 1561,2035 830,2027 777,2034 760,2056 759,2093 768,2113 829,2145 883,2159 931,2164 2318,2164 2391,2152 2413,2142 2418,2119"/>
                <Baseline points="759,2120 2418,2120"/>
                <TextEquiv>
                    <Unicode>Quittung so hiebey Idest 35 f 4 s 14 d.</Unicode>
                </TextEquiv>
            </TextLine>
            <TextLine id="tl_1746606462" custom="readingOrder {index:11;}">
                <Coords points="732,2340 736,2421 791,2434 972,2434 1294,2414 1375,2413 1488,2425 1789,2443 1958,2463 1960,2395 1932,2366 1921,2360 1775,2342 1615,2312 1316,2305 1091,2308 1011,2314 780,2308 741,2314 735,2321"/>
                <Baseline points="732,2407 1934,2407"/>
                <TextEquiv>
                    <Unicode>Den 29. dito Zalte Ich dem Ehrwürdigen</Unicode>
                </TextEquiv>
            </TextLine>
            <TextLine id="tl_1746606470" custom="readingOrder {index:12;}">
                <Coords points="780,2461 781,2521 789,2526 806,2528 920,2528 1229,2512 1400,2516 1446,2520 1506,2534 1537,2536 1880,2536 1893,2534 1897,2526 1897,2470 1889,2456 1873,2451 1764,2440 1639,2437 1558,2429 1472,2428 1406,2420 1325,2419 1199,2428 1071,2431 949,2442 799,2442 787,2447"/>
                <Baseline points="780,2506 1897,2506"/>
                <TextEquiv>
                    <Unicode>Herrn Alberto Alber Chor Caplan</Unicode>
                </TextEquiv>
            </TextLine>
            <TextLine id="tl_1746606491" custom="readingOrder {index:13;}">
                <Coords points="803,2553 803,2598 809,2605 898,2614 939,2615 1048,2605 1104,2604 1146,2608 1199,2621 1246,2621 1316,2608 1362,2608 1434,2615 1520,2629 1859,2630 1866,2629 1868,2625 1867,2568 1862,2562 1851,2558 1620,2550 1540,2543 1457,2526 1392,2525 1287,2538 1203,2525 1040,2526 810,2547"/>
                <Baseline points="803,2603 1868,2603"/>
                <TextEquiv>
                    <Unicode>bey St. Stephann das dißweegen</Unicode>
                </TextEquiv>
            </TextLine>
            <TextLine id="tl_1746606469" custom="readingOrder {index:14;}">
                <Coords points="773,2660 773,2687 779,2700 831,2707 1260,2714 1339,2719 1434,2715 1658,2733 1882,2733 1924,2729 1924,2661 1887,2655 1876,2651 1630,2635 1549,2634 1397,2614 1313,2615 1235,2628 1118,2613 831,2620 813,2623 780,2636"/>
                <Baseline points="773,2703 1891,2703"/>
                <TextEquiv>
                    <Unicode>auf das Monath Nouember vnnd</Unicode>
                </TextEquiv>
            </TextLine>
            <TextLine id="tl_1746606477" custom="readingOrder {index:15;}">
                <Coords points="764,2727 765,2788 779,2797 814,2803 1039,2798 1192,2813 1335,2807 1691,2822 1844,2823 1862,2821 1863,2779 1861,2773 1853,2768 1763,2751 1648,2742 1530,2726 1249,2724 1218,2728 1170,2728 1066,2716 813,2712 774,2716 766,2720"/>
                <Baseline points="764,2793 1863,2793"/>
                <TextEquiv>
                    <Unicode>December gebierendte deputat be</Unicode>
                </TextEquiv>
            </TextLine>
            <TextLine id="tl_1746606478" custom="readingOrder {index:16;}">
                <Coords points="786,2836 786,2887 789,2891 805,2897 842,2902 962,2904 1186,2921 1397,2926 1463,2934 1546,2934 1592,2927 1637,2927 1718,2934 1864,2935 1887,2933 1892,2924 1892,2867 1881,2854 1841,2844 1674,2825 1467,2824 1322,2815 1171,2819 1091,2811 1001,2808 844,2820 797,2829"/>
                <Baseline points="786,2901 1892,2901"/>
                <TextEquiv>
                    <Unicode>nentlich Acht gulden rh. ut Quittung</Unicode>
                </TextEquiv>
            </TextLine>
            <TextLine id="tl_1746606471" custom="readingOrder {index:17;}">
                <Coords points="2417,2922 2413,2905 2392,2894 2158,2904 1932,2932 1764,2942 1479,2940 885,2909 814,2916 809,2922 816,2939 810,2945 808,2979 819,2998 891,3008 1540,3021 1847,3045 2144,3045 2219,3037 2401,2997 2416,2982"/>
                <Baseline points="808,3005 2417,3005"/>
                <TextEquiv>
                    <Unicode>hiebey Idest 8 f - s - d.</Unicode>
                </TextEquiv>
            </TextLine>
            <TextLine id="tl_1746606480" custom="readingOrder {index:18;}">
                <Coords points="930,3099 937,3129 929,3180 938,3211 956,3224 972,3230 1181,3220 1303,3229 1438,3248 1498,3250 1891,3240 1906,3232 1919,3211 1931,3203 1939,3172 1939,3117 1936,3109 1922,3099 1659,3064 1490,3059 975,3065 951,3072"/>
                <Baseline points="929,3200 1939,3200"/>
                <TextEquiv>
                    <Unicode>Lattus 50. f. 6 s 14 d.</Unicode>
                </TextEquiv>
            </TextLine>
            <TextEquiv>
                <Unicode></Unicode>
            </TextEquiv>
        </TextRegion>
        <TextRegion id="region_249113869" custom="readingOrder {index:1;}">
            <Coords points="2456,0 4911,0 4911,3869 2456,3869"/>
            <TextLine id="tl_1746606466" custom="readingOrder {index:0;}">
                <Coords points="2861,724 2860,818 2864,831 2881,838 3058,860 3167,861 3363,843 3468,845 3552,841 3683,850 3759,842 3803,842 3902,852 3996,854 4080,852 4096,848 4121,863 4121,762 4092,732 4075,729 3665,711 3524,712 3274,723 3154,702 2888,701 2867,708"/>
                <Baseline points="2860,821 4100,821"/>
                <TextEquiv>
                    <Unicode>Den Lesten dito betzalte Ich denen herrn</Unicode>
                </TextEquiv>
            </TextLine>
            <TextLine id="tl_1746606497" custom="readingOrder {index:1;}">
                <Coords points="4071,898 4064,885 4051,880 3892,874 3815,858 3770,857 3693,866 3654,863 3585,849 3551,847 3452,854 3348,855 3274,862 3169,862 3101,869 3013,860 2978,863 2963,874 2960,951 2973,961 3001,963 3213,958 3384,961 3493,953 3614,957 3741,954 4048,958 4070,952"/>
                <Baseline points="2960,934 4071,934"/>
                <TextEquiv>
                    <Unicode>Barnabiten bey St. Michael weegen</Unicode>
                </TextEquiv>
            </TextLine>
            <TextLine id="tl_1746606494" custom="readingOrder {index:2;}">
                <Coords points="4119,998 4088,983 4077,979 4039,974 3873,965 3757,968 3674,963 3454,965 3314,974 3167,970 3024,983 2973,991 2968,998 2968,1043 2986,1052 3087,1059 3221,1058 3374,1050 3602,1049 3710,1061 3787,1055 3893,1064 4055,1061 4117,1063"/>
                <Baseline points="2968,1038 4091,1038"/>
                <TextEquiv>
                    <Unicode>bey Gema. Statt anligendten vnnd</Unicode>
                </TextEquiv>
            </TextLine>
            <TextLine id="tl_1746606490" custom="readingOrder {index:3;}">
                <Coords points="4104,1124 4073,1093 4021,1077 3906,1072 3831,1064 3734,1067 3661,1057 3534,1058 3237,1083 3194,1081 3101,1068 3018,1066 2984,1069 2972,1077 2968,1095 2968,1145 2971,1153 2986,1158 3118,1158 3225,1173 3267,1174 3343,1165 3422,1177 3466,1175 3541,1164 3624,1174 3666,1173 3702,1167 3745,1167 3841,1181 3905,1184 4077,1166 4104,1175"/>
                <Baseline points="2968,1150 4082,1150"/>
                <TextEquiv>
                    <Unicode>Zu Hannßen Pruckhners stifftung</Unicode>
                </TextEquiv>
            </TextLine>
            <TextLine id="tl_1746606468" custom="readingOrder {index:4;}">
                <Coords points="2962,1209 2964,1244 2976,1254 3085,1263 3402,1260 3478,1251 3564,1250 3677,1262 3760,1261 3836,1272 3936,1276 4000,1273 4091,1262 4103,1258 4106,1247 4105,1188 4097,1180 4082,1177 3866,1181 3724,1172 3552,1173 3448,1178 3349,1172 3304,1174 3220,1185 3186,1184 3106,1171 3020,1169 2967,1185"/>
                <Baseline points="2962,1247 4106,1247"/>
                <TextEquiv>
                    <Unicode>gehörigen Capital das mit Enndt</Unicode>
                </TextEquiv>
            </TextLine>
            <TextLine id="tl_1746606492" custom="readingOrder {index:5;}">
                <Coords points="4070,1306 4053,1298 3890,1286 3815,1270 3782,1267 3734,1268 3655,1279 3580,1265 3537,1262 3484,1265 3410,1276 3357,1275 3303,1267 3231,1267 3226,1272 3202,1276 3214,1284 3230,1287 3227,1290 2996,1297 2950,1315 2945,1338 2948,1353 2959,1360 2996,1371 3063,1378 3304,1376 3413,1379 3523,1367 3689,1373 3767,1364 4020,1372 4052,1371 4069,1365"/>
                <Baseline points="2945,1349 4070,1349"/>
                <TextEquiv>
                    <Unicode>diß Iahrs verfallenen Interesse</Unicode>
                </TextEquiv>
            </TextLine>
            <TextLine id="tl_1746606467" custom="readingOrder {index:6;}">
                <Coords points="2902,1421 2905,1468 2921,1477 2957,1481 3183,1476 3362,1484 3482,1496 3544,1495 3683,1484 3771,1484 3863,1492 3944,1494 4097,1485 4117,1480 4122,1471 4119,1415 4088,1404 4069,1391 4015,1378 3763,1372 3644,1376 3531,1374 3340,1385 3235,1380 3069,1380 2961,1372 2933,1378 2913,1389 2905,1399"/>
                <Baseline points="2902,1465 4122,1465"/>
                <TextEquiv>
                    <Unicode>Benentlichen funfftzig gulden rh. ver</Unicode>
                </TextEquiv>
            </TextLine>
            <TextLine id="tl_1746606483" custom="readingOrder {index:7;}">
                <Coords points="2941,1520 2941,1562 2947,1580 2968,1589 3037,1602 3343,1611 3605,1635 4085,1657 4647,1657 4670,1651 4679,1632 4679,1548 4668,1534 4496,1525 4329,1501 3138,1488 2972,1498 2947,1508"/>
                <Baseline points="2941,1614 4679,1614"/>
                <TextEquiv>
                    <Unicode>müg Quittung so hiebey Idest 50 f - s - d.</Unicode>
                </TextEquiv>
            </TextLine>
            <TextLine id="tl_1746606463" custom="readingOrder {index:8;}">
                <Coords points="2900,1768 2899,1824 2903,1833 2915,1837 2974,1837 3080,1825 3140,1826 3210,1841 3265,1847 3476,1847 3684,1831 4002,1842 4078,1842 4093,1834 4092,1748 4080,1741 4026,1734 3888,1734 3603,1720 3471,1726 3353,1716 3252,1715 3176,1707 3060,1684 2993,1681 2951,1688 2945,1696 2937,1730 2905,1750"/>
                <Baseline points="2899,1804 4093,1804"/>
                <TextEquiv>
                    <Unicode>BeZalte Ich ebengedachten Herrn Bar</Unicode>
                </TextEquiv>
            </TextLine>
            <TextLine id="tl_1746606489" custom="readingOrder {index:9;}">
                <Coords points="2953,1924 3011,1934 3142,1935 3370,1950 3444,1946 3584,1949 3688,1935 3754,1935 3990,1950 4057,1951 4072,1946 4075,1937 4075,1878 4069,1865 4019,1856 3950,1851 3834,1853 3740,1842 3688,1841 3644,1844 3492,1866 3362,1871 3288,1865 3147,1838 3075,1835 3035,1839 2995,1851 2986,1857 2962,1861 2951,1869"/>
                <Baseline points="2951,1922 4075,1922"/>
                <TextEquiv>
                    <Unicode>nabiten weegen bey Gema. Statt</Unicode>
                </TextEquiv>
            </TextLine>
            <TextLine id="tl_1746606475" custom="readingOrder {index:10;}">
                <Coords points="4210,2044 4208,1962 4204,1953 4191,1945 4146,1945 4071,1954 4013,1954 3935,1949 3653,1944 3581,1950 3427,1949 3352,1959 3271,1963 3069,1955 2985,1965 2980,1975 2980,2012 2989,2020 3086,2033 3228,2038 3345,2053 3437,2048 3622,2051 3811,2069 3979,2071 4183,2061 4205,2055"/>
                <Baseline points="2980,2037 4210,2037"/>
                <TextEquiv>
                    <Unicode>anligendten vnnd aldahin gebiehrendten</Unicode>
                </TextEquiv>
            </TextLine>
            <TextLine id="tl_1746606493" custom="readingOrder {index:11;}">
                <Coords points="2980,2084 2980,2128 2983,2134 3051,2143 3187,2144 3389,2160 3467,2160 3521,2153 3567,2153 3638,2160 3812,2161 4021,2147 4035,2143 4038,2138 4037,2103 4022,2095 3842,2081 3652,2057 3569,2060 3444,2058 3334,2068 3270,2051 3232,2048 3029,2052 2994,2059 2985,2067"/>
                <Baseline points="2980,2132 4038,2132"/>
                <TextEquiv>
                    <Unicode>Capitals auch das Ienige mit</Unicode>
                </TextEquiv>
            </TextLine>
            <TextLine id="tl_1746606484" custom="readingOrder {index:12;}">
                <Coords points="4086,2259 4086,2201 4068,2187 4041,2179 4028,2171 3979,2162 3907,2163 3822,2172 3773,2172 3657,2166 3573,2157 3507,2159 3428,2169 3285,2159 3144,2158 3004,2163 2977,2168 2972,2176 2972,2234 2975,2239 2986,2243 3151,2253 3306,2272 3405,2265 3508,2268 3619,2255 3668,2257 3737,2268 3785,2268 3852,2257 3901,2257 3975,2265 4058,2268 4070,2265"/>
                <Baseline points="2972,2241 4075,2241"/>
                <TextEquiv>
                    <Unicode>Enndt dis Iahrs dauon verfallene</Unicode>
                </TextEquiv>
            </TextLine>
            <TextLine id="tl_1746606479" custom="readingOrder {index:13;}">
                <Coords points="2962,2284 2964,2347 2971,2355 2991,2359 3228,2367 3531,2366 3713,2380 3953,2374 4119,2389 4177,2388 4187,2381 4190,2367 4189,2327 4185,2319 4156,2308 4130,2290 4085,2285 3988,2288 3870,2264 3626,2264 3523,2270 3373,2267 3296,2275 3234,2276 3015,2263 2973,2269 2965,2275"/>
                <Baseline points="2962,2356 4190,2356"/>
                <TextEquiv>
                    <Unicode>Interesße Benentlichen Zehen gulden</Unicode>
                </TextEquiv>
            </TextLine>
            <TextLine id="tl_1746606465" custom="readingOrder {index:14;}">
                <Coords points="2987,2388 2987,2461 2999,2479 3071,2499 3246,2522 3426,2528 3663,2548 3960,2558 4647,2557 4657,2540 4657,2463 4650,2452 4488,2433 4432,2419 4397,2397 4334,2384 3010,2373 2990,2381"/>
                <Baseline points="2987,2511 4657,2511"/>
                <TextEquiv>
                    <Unicode>rh. vermüg Quittung so hiebey Idest 10 f - s - d.</Unicode>
                </TextEquiv>
            </TextLine>
            <TextLine id="tl_1746606482" custom="readingOrder {index:15;}">
                <Coords points="4098,2745 4094,2734 4074,2727 4036,2725 3955,2732 3870,2731 3582,2703 3495,2705 3330,2727 3279,2726 3207,2718 3036,2715 2987,2722 2964,2747 2945,2761 2937,2794 2937,2835 2942,2847 2966,2862 2977,2878 2998,2885 4010,2884 4058,2874 4090,2843 4096,2819"/>
                <Baseline points="2937,2838 4098,2838"/>
                <TextEquiv>
                    <Unicode>Den Lesten dito beZalte Ich Herrn P.</Unicode>
                </TextEquiv>
            </TextLine>
            <TextLine id="tl_1746606488" custom="readingOrder {index:16;}">
                <Coords points="4194,3002 4189,2991 4174,2985 4128,2990 4064,3003 3990,2989 3935,2965 3860,2963 3833,2965 3693,3003 3616,3013 3535,3014 3433,3007 3320,3007 3232,3012 3197,3018 3181,3030 3175,3049 3151,3084 3149,3102 3158,3148 3180,3182 3198,3193 3235,3200 3703,3215 3949,3215 4105,3204 4148,3198 4175,3188 4184,3180 4192,3158 4195,3128"/>
                <Baseline points="3149,3152 4195,3152"/>
                <TextEquiv>
                    <Unicode>Lattus 60. f - s - d.</Unicode>
                </TextEquiv>
            </TextLine>
            <TextEquiv>
                <Unicode></Unicode>
            </TextEquiv>
        </TextRegion>
    </Page>
</PcGts>
