4903 3871
761 695 1946 862 Interessen Benentlichen Dreyhun
756 854 1926 969 dert gulden rh. vermüg Anbring
756 967 1906 1072 vnnd darüber Ermalgten Pasßiar
750 1058 1840 1200 ungerie auch Quittung so hiebey
1728 1118 2383 1279 Idest 300 f - s - d.
734 1343 1966 1498 Den Lesten dito Zalte Ich dem Ehrwürdigen
784 1487 1911 1602 Herrn P. Alberto Wilpfenheffer der
779 1588 1886 1697 Societet Iesu Priestern vnnd Procu
766 1693 1907 1796 ratorn derselben Collegy das Ienige
779 1788 1935 1903 von Gema. Statt auf dis Monath
769 1899 1880 2000 raichendt verfallene deputat Be
763 1996 1889 2112 nentlichen funfftzig gulden rh. ver
756 2078 2421 2235 müg Quittung so hiebey Idest 50 f - s - d.
728 2348 1904 2530 So beZalte Ich auch dem Ehrwürdigen
780 2496 1835 2614 vnnd Geistlichen Herrn Iohann
779 2608 1905 2723 Brugger Chormaistern bey St. Ste
784 2706 1873 2818 pfann alß der Zeit der Stephann
770 2813 1882 2947 Leittnerischen Stifftung Beneficiaten
966 3021 1921 3244 Latus 350 f - s - d
2934 729 4177 864 weegen Ermelter Stifftung bey Gema.
2904 853 4079 973 Statt anligendten Capitals das von
2937 965 4078 1064 6. Octoberis 639 bis 6. Octoberis
2946 1060 4133 1174 dis Iahrs dauon verfallene Iahrs
2939 1157 4137 1263 Innteresse Benentlichen Drey vnnd
2918 1250 4128 1376 Dreissig gulden 6. s 24 d. vermüg
2932 1366 4711 1538 Quittung so hiebey Idest 33 f 6 s 24 d.
2898 1695 4049 1840 Den 3. December Zalte Ich frl. Anna
2955 1839 4026 1940 Maria Kharttenkhalchin Wittib von
2958 1937 4104 2047 Ihren bey Gema. Statt anligendten
2945 2040 4068 2144 fünff Tausent gulden Capital der
2945 2123 4080 2239 mit Ersten April dis Iahr verfal
2932 2232 4145 2353 lenes Iahrs Interesse Benentlichen
2895 2335 4064 2458 Dreyhundert gulden rh. vermüg
2927 2450 4671 2612 Quittung so hiebey Idest 300 f - s - d.
2920 2731 4079 2891 Den 23. dito Zalte Ich Herrn Thoman
3033 3012 4063 3214 Lattus 333 f 6 s 24 d.
