4927 3855
705 704 1974 861 fallene halb Iährige Interesse Benent
707 842 1887 973 lichen Sechtzig gulden rh vermüg
735 942 2333 1116 Quittung so hiebey Idest 60 f - s - d.
695 1208 1911 1415 Eodem die Zalte Ich Herrn Rudolphen
744 1381 1906 1512 Khäzi des Innern Statt Raths alhier
752 1491 1908 1618 von seinen bey Gema. Statt Zu Resto
750 1601 1831 1718 anligendten Aintausent Zway
736 1705 1846 1825 hundert vnnd Sechtzig gulden rh.
741 1811 1813 1923 das von 24. Iulii biß 24. diß
734 1911 1826 2027 Monaths verfallene ain viertl
700 2008 1868 2160 Iähriges Interesse Benentlichen
723 2127 1849 2254 Achtzehen gulden 7. s 6 d. vermüg
724 2202 2373 2381 Quittung so hiebey Idest 18 f 7 s 6 d.
723 2517 1936 2695 Den Lesten dito beZalte Ich auch Herrn
734 2663 1878 2780 Procuratorn im Profeßhauß die
760 2758 1806 2888 auf das Monath October von
898 2968 1860 3163 Lattus 78 f. 7. s 6 d.
2913 673 4136 841 Gema. Statt weegen raichendt vnnd
2989 827 4167 964 gebiehrendte funfftzig gulden rh. ver
3016 940 4682 1131 müg Quittung hiebey Idest 50 f - s - d.
2933 1227 4065 1375 Den 21. Nouember Zalte Ich Herrn
2948 1357 4168 1485 Iohann Khaltonitsch von seinen bey Gem.
2930 1454 4098 1583 Statt anligendt habendten vier Tausent
2970 1566 4161 1684 gulden Capital das dauon verfallene
2956 1661 4136 1791 Iahrs Interesse Benentlichen Zway
2922 1766 4118 1891 hundert Viertzig gulden rh. vermüg
2951 1863 4671 2055 Quittung so hiebey Idest 240 f - s - d.
2917 2129 3997 2270 Den 29. dito beZalte Ich auch Herrn
2954 2266 4073 2390 Hartman Drachen des Innern Raths
2942 2371 3989 2484 vnnd derZeit New angehendten
2926 2471 4140 2614 Wahl verordneten Herrn Verwaltern
2944 2578 4088 2699 der hauß Armen Leuth Laadt in
2953 2683 4111 2802 abschlag der von Gema. Statt aldahin
2946 2790 4209 2923 gestifften Capitalien dauon verfallenen
3130 3002 4117 3217 Lattus 7 90 f - s - d.
