4871 3917
760 751 1880 919 dauon mit Michaeli dis Iahr ver
732 914 1844 1035 fallene Interesse Benentlichen
727 1021 1945 1154 Acht vnnd Zwaintzig gulden 2. s 12 d.
746 1103 2367 1282 vermüg Quittung so hiebey Idest 28 f 2 s 12 d
726 1354 1920 1546 Den bemelten Tag Zalt Ich nicht weniger
754 1540 1900 1656 von Denen durch Andreen Paudentii
743 1635 1894 1757 dein Iungfrauen Closter Zum Himal
733 1736 1849 1850 barthen Zu Gäma. Statt angelegten
740 1844 1848 1953 Capital die 639 vnnd 640. Iärige
725 1946 1914 2052 Interesse Benentlichen Ainhundert
727 2044 1897 2170 funfftzehen gulden rh vermüg Quit
720 2134 2365 2291 tung so hiebey Idest 115 f - s - d
711 2359 1877 2531 An abgedachtem dato Zalte Ich frauen
741 2495 1870 2622 Regina Ehingerin gebornen Schänä
733 2608 1873 2732 witzin von Iren bey Gema. Statt
771 2722 1858 2837 anligendten Sibentausent gulden
767 2819 1932 2964 Capital das von 29. Decemb. 639 biß
955 3050 1941 3287 Lattus 143 f. 2. s 12 d.
2964 700 4099 851 29. Decemb. dis Iahr dauon khunfftig
2972 843 4092 972 verfallendtens Iahres Interesse Be
2974 957 4245 1083 nentlichen Vierhundert Zwaintzig gulden
2977 1069 4676 1257 rh vermüg Quittung so hiebey Idest 420 f - s - d.
2939 1314 4078 1463 Den 10. dito Zalte Ich dein Ehrwürdig
2966 1454 4097 1554 vnnd Geistlichen Herrn Caspare Goritz
2953 1545 4150 1650 zuti Canonico bey St. Stephann die ihme
2958 1635 4072 1749 weegen seines Beneficio halber Zue
2960 1746 4086 1855 Michaeli dis Iahr gebiehrendte Drey
2947 1845 4108 1976 hundert gulden rh vermüg Quittung
2975 1968 4690 2160 so hiebey Idest 300 f - s - d.
2938 2218 4061 2360 Den 13. dito Zalte Ich Herrn Hannßen
2951 2358 4087 2475 Pramber des Aussern Raths vnd
2922 2462 4011 2577 Spitlmaistern von denen Ienigen
2955 2569 4086 2680 weegen des alten Leinwathauß
2960 2675 4063 2781 bey Gema. Statt anligendten Ain
2943 2766 4008 2898 Tausent gulden Capital das von
3045 2989 4025 3206 Lattus 720 f - s - d
