<?xml version="1.0" encoding="UTF-8" standalone="yes"?>
<PcGts xmlns="http://schema.primaresearch.org/PAGE/gts/pagecontent/2013-07-15" xmlns:xsi="http://www.w3.org/2001/XMLSchema-instance" xsi:schemaLocation="http://schema.primaresearch.org/PAGE/gts/pagecontent/2013-07-15 http://schema.primaresearch.org/PAGE/gts/pagecontent/2013-07-15/pagecontent.xsd">
    <Metadata>
        <Creator>prov=READ-COOP:name=PyLaia@TranskribusPlatform:version=2.26.0:model_id=327853:lm=provided:date=28_04_2025_10:56</Creator>
        <Created>2025-04-24T14:12:16.368+02:00</Created>
        <LastChange>2025-04-29T12:28:37.639+02:00</LastChange>
        <TranskribusMetadata docId="8119752" pageId="95715966" pageNr="138" status="GT" userId="261754" imgUrl="https://files.transkribus.eu/Get?id=CTUWKIGPUKLHVPFUVFEKDQEC&amp;fileType=view" imageId="80111764"/>
    </Metadata>
    <Page imageFilename="95715966.tif" imageWidth="4873" imageHeight="3933">
        <ReadingOrder>
            <OrderedGroup id="ro_1745922517639" caption="Regions reading order">
                <RegionRefIndexed index="0" regionRef="region_148733933"/>
                <RegionRefIndexed index="1" regionRef="region_248733933"/>
            </OrderedGroup>
        </ReadingOrder>
        <TextRegion id="region_148733933" custom="readingOrder {index:0;}">
            <Coords points="0,0 2436,0 2436,3933 0,3933"/>
            <TextLine id="tl_1745570898" custom="readingOrder {index:0;}">
                <Coords points="1873,627 1872,518 1839,500 1787,495 1680,504 1596,503 1515,496 1464,499 1338,517 1294,528 1261,542 1254,549 1193,559 1146,558 1094,549 985,512 847,512 781,517 742,530 731,552 733,585 738,607 743,613 755,618 761,629 772,637 822,642 964,646 1084,640 1159,643 1327,623 1579,636 1759,636 1830,632 1843,627"/>
                <Baseline points="731,606 1847,606"/>
                <TextEquiv>
                    <Unicode>Den Letsten Monnats Tag September</Unicode>
                </TextEquiv>
            </TextLine>
            <TextLine id="tl_1745570894" custom="readingOrder {index:1;}">
                <Coords points="1793,686 1786,670 1749,662 1633,668 1562,661 1483,663 1447,660 1388,646 1344,640 1272,643 1207,663 1161,665 1126,652 1093,646 837,646 801,653 786,664 785,740 790,748 802,752 895,746 1024,745 1111,734 1157,735 1200,743 1237,745 1274,735 1376,722 1430,721 1492,726 1559,751 1608,753 1633,750 1697,731 1784,715 1792,708"/>
                <Baseline points="785,724 1793,724"/>
                <TextEquiv>
                    <Unicode>Zaldt ich dem Edlen vnnd vessten</Unicode>
                </TextEquiv>
            </TextLine>
            <TextLine id="tl_1745570887" custom="readingOrder {index:2;}">
                <Coords points="1837,773 1835,756 1828,746 1781,733 1701,734 1658,739 1593,753 1517,754 1444,738 1368,735 1317,743 1295,750 1261,753 1216,752 1180,756 1117,750 1056,750 966,760 874,758 804,762 792,767 786,774 785,816 786,824 791,829 804,832 993,829 1088,847 1141,846 1215,826 1305,822 1406,827 1466,847 1564,847 1622,833 1662,829 1828,826 1836,820"/>
                <Baseline points="785,817 1837,817"/>
                <TextEquiv>
                    <Unicode>herrn Iosephen Niesser Rom.</Unicode>
                </TextEquiv>
            </TextLine>
            <TextLine id="tl_1745570895" custom="readingOrder {index:3;}">
                <Coords points="771,870 772,916 781,922 892,936 985,943 1278,939 1336,933 1465,938 1590,925 1648,927 1733,936 1856,921 1863,915 1863,872 1858,864 1844,858 1532,852 1457,840 1298,832 1208,835 1167,840 1142,847 1024,832 823,839 777,848 772,854"/>
                <Baseline points="771,913 1863,913"/>
                <TextEquiv>
                    <Unicode>Khay. Mt. etc Khriegs Zallmaister</Unicode>
                </TextEquiv>
            </TextLine>
            <TextLine id="tl_1745570871" custom="readingOrder {index:4;}">
                <Coords points="1882,941 1878,935 1868,932 1756,937 1621,937 1579,941 1544,949 1502,951 1388,943 1171,946 1046,937 783,935 771,937 763,945 762,1003 767,1016 783,1021 939,1032 1226,1032 1334,1019 1419,1030 1464,1030 1579,1018 1687,1023 1856,1020 1875,1017 1882,1010"/>
                <Baseline points="762,1007 1882,1007"/>
                <TextEquiv>
                    <Unicode>Inn hungern etc daß gewohnnliche</Unicode>
                </TextEquiv>
            </TextLine>
            <TextLine id="tl_1745570886" custom="readingOrder {index:5;}">
                <Coords points="1948,1046 1945,1036 1938,1031 1903,1027 1766,1030 1596,1023 1456,1030 1368,1026 1249,1029 1076,1025 802,1026 761,1029 745,1034 739,1043 738,1080 739,1105 746,1117 760,1124 790,1127 1129,1128 1306,1114 1643,1116 1940,1101 1948,1093"/>
                <Baseline points="738,1101 1948,1101"/>
                <TextEquiv>
                    <Unicode>Monnath deputat auf die Alhieige</Unicode>
                </TextEquiv>
            </TextLine>
            <TextLine id="tl_1745570872" custom="readingOrder {index:6;}">
                <Coords points="1953,1135 1935,1125 1893,1117 1827,1114 1484,1115 1246,1120 1122,1127 968,1119 807,1117 775,1119 761,1127 759,1187 761,1196 770,1202 818,1211 969,1213 1118,1202 1220,1202 1361,1216 1462,1217 1546,1211 1626,1196 1676,1194 1737,1196 1803,1206 1855,1207 1949,1193 1954,1179"/>
                <Baseline points="759,1189 1954,1189"/>
                <TextEquiv>
                    <Unicode>Statt quardi vnnd Fenndl Teutscher</Unicode>
                </TextEquiv>
            </TextLine>
            <TextLine id="tl_1745570878" custom="readingOrder {index:7;}">
                <Coords points="1980,1222 1976,1213 1960,1208 1830,1208 1703,1200 1641,1202 1576,1211 1380,1218 1102,1205 838,1210 795,1214 780,1221 778,1274 787,1284 836,1290 1067,1293 1182,1300 1384,1294 1636,1303 1833,1303 1976,1279 1980,1270"/>
                <Baseline points="778,1275 1980,1275"/>
                <TextEquiv>
                    <Unicode>Khnecht Benenntlichen Sechs hundert</Unicode>
                </TextEquiv>
            </TextLine>
            <TextLine id="tl_1745570880" custom="readingOrder {index:8;}">
                <Coords points="790,1315 790,1373 795,1381 807,1385 1060,1382 1129,1388 1211,1402 1582,1403 1690,1399 1850,1403 1881,1398 1896,1391 1903,1381 1906,1361 1904,1306 1897,1300 1877,1297 1733,1304 1647,1304 1529,1299 840,1295 803,1299 793,1306"/>
                <Baseline points="790,1376 1906,1376"/>
                <TextEquiv>
                    <Unicode>gulden Reynisch so sich an heut</Unicode>
                </TextEquiv>
            </TextLine>
            <TextLine id="tl_1745570896" custom="readingOrder {index:9;}">
                <Coords points="764,1379 2365,1379 2365,1522 764,1522"/>
                <Baseline points="764,1484 2365,1484"/>
                <TextEquiv>
                    <Unicode>verfallen vtt quittung Idest f. 600. s - d -</Unicode>
                </TextEquiv>
            </TextLine>
            <TextLine id="tl_1745570862" custom="readingOrder {index:10;}">
                <Coords points="721,1826 724,1900 742,1912 778,1917 1107,1916 1266,1910 1417,1916 1468,1912 1583,1894 1692,1889 1757,1892 1839,1905 1899,1907 1945,1902 1950,1898 1951,1814 1949,1809 1938,1804 1795,1800 1582,1775 1250,1774 1013,1766 836,1767 786,1773 756,1782 726,1803"/>
                <Baseline points="721,1877 1951,1877"/>
                <TextEquiv>
                    <Unicode>Den Letsten October gab ich dem Edlen</Unicode>
                </TextEquiv>
            </TextLine>
            <TextLine id="tl_1745570893" custom="readingOrder {index:11;}">
                <Coords points="1946,1941 1943,1936 1929,1931 1770,1903 1504,1906 1435,1914 1321,1907 833,1908 805,1910 792,1916 790,1983 792,1991 802,2001 851,2008 994,2004 1164,2010 1351,1994 1509,2009 1554,2010 1618,1995 1711,1984 1765,1984 1888,2005 1927,2003 1945,1995"/>
                <Baseline points="790,1981 1946,1981"/>
                <TextEquiv>
                    <Unicode>vnnd vesten herrn Iosephen Nieß</Unicode>
                </TextEquiv>
            </TextLine>
            <TextLine id="tl_1745570889" custom="readingOrder {index:12;}">
                <Coords points="1906,2038 1903,2029 1890,2023 1842,2015 1790,2000 1747,1997 1679,1998 1617,2005 1549,2002 1457,2006 1335,2003 1186,2018 1054,2007 898,2007 829,2012 813,2018 808,2023 805,2039 805,2090 808,2100 820,2109 857,2114 1155,2105 1224,2114 1298,2115 1414,2096 1482,2099 1561,2114 1608,2113 1686,2104 1875,2112 1892,2110 1905,2099"/>
                <Baseline points="805,2084 1906,2084"/>
                <TextEquiv>
                    <Unicode>ser Röm. Khay. Mt. etc Khriegs</Unicode>
                </TextEquiv>
            </TextLine>
            <TextLine id="tl_1745570890" custom="readingOrder {index:13;}">
                <Coords points="1966,2125 1962,2117 1951,2113 1897,2111 1827,2118 1734,2115 1611,2131 1531,2124 1496,2113 1464,2108 1395,2107 1351,2112 1327,2122 1283,2132 1240,2138 1192,2138 1063,2118 835,2115 815,2117 802,2126 801,2195 811,2204 839,2207 984,2200 1115,2205 1238,2199 1429,2208 1487,2206 1566,2192 1614,2191 1769,2196 1886,2208 1947,2210 1962,2207 1966,2201"/>
                <Baseline points="801,2182 1966,2182"/>
                <TextEquiv>
                    <Unicode>Zallmaister in hungern benennt</Unicode>
                </TextEquiv>
            </TextLine>
            <TextLine id="tl_1745570885" custom="readingOrder {index:14;} unclear {offset:28; length:4;}">
                <Coords points="808,2230 808,2286 814,2299 849,2308 894,2312 1099,2308 1184,2316 1266,2316 1380,2296 1468,2299 1575,2286 1664,2288 1748,2297 1817,2309 1902,2311 1914,2307 1916,2302 1916,2235 1911,2225 1868,2212 1810,2203 1578,2202 1435,2220 1311,2208 1034,2202 900,2204 826,2210 812,2217"/>
                <Baseline points="808,2286 1916,2286"/>
                <TextEquiv>
                    <Unicode>lichen Sechs hundert gulden Reyl</Unicode>
                </TextEquiv>
            </TextLine>
            <TextLine id="tl_1745570897" custom="readingOrder {index:15;}">
                <Coords points="1895,2350 1891,2342 1882,2338 1809,2322 1650,2299 1573,2300 1489,2308 1400,2308 1362,2313 1291,2332 1245,2338 1207,2337 1135,2319 1079,2316 1020,2322 860,2327 825,2331 812,2336 807,2342 806,2389 814,2401 842,2404 1239,2404 1294,2407 1367,2401 1446,2388 1514,2385 1601,2394 1690,2398 1819,2414 1881,2415 1892,2413 1895,2406"/>
                <Baseline points="806,2386 1895,2386"/>
                <TextEquiv>
                    <Unicode>so von Gemainer Statt Wienn</Unicode>
                </TextEquiv>
            </TextLine>
            <TextLine id="tl_1745570884" custom="readingOrder {index:16;}">
                <Coords points="1835,2446 1830,2438 1702,2413 1603,2409 1501,2399 1388,2403 1328,2417 1102,2405 853,2405 816,2408 790,2416 781,2424 779,2486 783,2497 831,2508 907,2513 1124,2503 1211,2513 1257,2514 1328,2507 1399,2493 1437,2491 1490,2493 1549,2511 1590,2509 1618,2501 1661,2495 1738,2497 1818,2508 1828,2504 1834,2496"/>
                <Baseline points="779,2483 1835,2483"/>
                <TextEquiv>
                    <Unicode>auf die Alhieige Statt quardi</Unicode>
                </TextEquiv>
            </TextLine>
            <TextLine id="tl_1745570875" custom="readingOrder {index:17;}">
                <Coords points="1867,2539 1860,2526 1821,2514 1769,2506 1710,2502 1650,2502 1547,2509 1388,2503 1341,2506 1218,2525 1170,2523 1098,2514 1024,2514 814,2528 805,2532 801,2539 800,2583 804,2591 815,2595 931,2604 1005,2618 1052,2618 1088,2614 1123,2605 1201,2601 1317,2606 1384,2624 1449,2626 1483,2621 1538,2602 1592,2599 1765,2619 1852,2620 1863,2617 1867,2609"/>
                <Baseline points="800,2595 1867,2595"/>
                <TextEquiv>
                    <Unicode>oder Fenndl Teutscher Khnecht</Unicode>
                </TextEquiv>
            </TextLine>
            <TextLine id="tl_1745570877" custom="readingOrder {index:18;}">
                <Coords points="1899,2662 1890,2652 1842,2641 1720,2634 1674,2626 1653,2616 1623,2614 1541,2616 1452,2631 1391,2630 1188,2616 1026,2627 854,2624 816,2630 799,2637 797,2698 807,2709 850,2716 1065,2708 1285,2722 1463,2714 1563,2723 1705,2718 1773,2724 1888,2725 1896,2724 1899,2717"/>
                <Baseline points="797,2695 1899,2695"/>
                <TextEquiv>
                    <Unicode>Monnatlichen geraicht würdet</Unicode>
                </TextEquiv>
            </TextLine>
            <TextLine id="tl_1745570868" custom="readingOrder {index:19;}">
                <Coords points="808,2748 808,2806 819,2817 870,2826 990,2837 1159,2842 1255,2851 1481,2860 1753,2860 1901,2855 1945,2846 1954,2839 1956,2831 1956,2762 1952,2751 1935,2745 1852,2742 1744,2725 1557,2730 1454,2724 1026,2724 844,2733 817,2738"/>
                <Baseline points="808,2826 1956,2826"/>
                <TextEquiv>
                    <Unicode>vnnd sich diß Abgeloffene Monat</Unicode>
                </TextEquiv>
            </TextLine>
            <TextLine id="tl_1745570900" custom="readingOrder {index:20;}">
                <Coords points="550,3086 550,3116 556,3129 571,3134 602,3136 683,3133 992,3138 1379,3139 1500,3134 1519,3129 1538,3114 1544,3024 1535,2998 1517,2985 1512,2976 1500,2967 1499,2960 1425,2949 1354,2944 1117,2940 919,2943 667,2973 600,2990 575,3004 567,3016 564,3040"/>
                <Baseline points="550,3087 1544,3087"/>
                <TextEquiv>
                    <Unicode>Lattus per Se.</Unicode>
                </TextEquiv>
            </TextLine>
            <TextEquiv>
                <Unicode>Den Letsten Monnats Tag September&#13;
Zaldt ich dem Edlen vnnd vessten&#13;
herrn Iosephen Niesser Rom.&#13;
Khay. Mt. etc Khriegs Zallmaister&#13;
Inn hungern etc daß gewohnnliche&#13;
Monnath deputat auf die Alhieige&#13;
Statt quardi vnnd Fenndl Teutscher&#13;
Khnecht Benenntlichen Sechs hundert&#13;
gulden Reynisch so sich an heut&#13;
verfallen vtt quittung Idest f. 600. s - d -&#13;
Den Letsten October gab ich dem Edlen&#13;
vnnd vesten herrn Iosephen Nieß&#13;
ser Röm. Khay. Mt. etc Khriegs&#13;
Zallmaister in hungern benennt&#13;
lichen Sechs hundert gulden Reyl&#13;
so von Gemainer Statt Wienn&#13;
auf die Alhieige Statt quardi&#13;
oder Fenndl Teutscher Khnecht&#13;
Monnatlichen geraicht würdet&#13;
vnnd sich diß Abgeloffene Monat&#13;
Lattus per Se.</Unicode>
            </TextEquiv>
        </TextRegion>
        <TextRegion id="region_248733933" custom="readingOrder {index:1;}">
            <Coords points="2437,0 4873,0 4873,3933 2437,3933"/>
            <TextLine id="tl_1745570861" custom="readingOrder {index:0;}">
                <Coords points="2962,520 2963,541 2971,569 2989,593 3010,599 3112,598 3448,580 3514,581 3606,592 3658,593 3765,576 3817,572 4076,590 4116,586 4129,580 4133,571 4132,506 4123,500 4080,490 3990,483 3859,486 3677,471 3263,472 3198,478 3025,480 2978,493 2967,502"/>
                <Baseline points="2962,567 4133,567"/>
                <TextEquiv>
                    <Unicode>verfallen Vermug seiner quitt</Unicode>
                </TextEquiv>
            </TextLine>
            <TextLine id="tl_1745570882" custom="readingOrder {index:1;}">
                <Coords points="4612,644 4599,635 4334,609 4287,594 4234,589 3009,604 2971,613 2962,624 2960,675 2967,686 3045,702 3517,715 3908,734 4533,734 4593,724 4611,713"/>
                <Baseline points="2960,697 4612,697"/>
                <TextEquiv>
                    <Unicode>ung Idest f. 600. s - d -</Unicode>
                </TextEquiv>
            </TextLine>
            <TextLine id="line_1745830278106_1410" custom="readingOrder {index:2;}">
                <Coords points="2963,891 3155,893 3247,888 3351,889 3739,879 4031,883 4052,886 4060,894 4058,997 4053,1003 4040,1007 3892,1003 3800,1008 3658,1005 3536,1017 3376,1024 3229,1039 2963,1040"/>
                <Baseline points="2963,999 4060,999"/>
                <TextEquiv>
                    <Unicode>Den Letsten Nouember Zaldt Ich</Unicode>
                </TextEquiv>
            </TextLine>
            <TextLine id="tl_1745570873" custom="readingOrder {index:3;}">
                <Coords points="4125,1039 4086,1031 4070,1026 3988,1026 3877,1018 3796,1025 3673,1017 3470,1029 3356,1030 3094,1042 3042,1047 3002,1059 2995,1073 2995,1109 2997,1116 3004,1121 3176,1122 3337,1113 3488,1110 3592,1096 3668,1092 3789,1092 3907,1101 4041,1102 4077,1099 4123,1093"/>
                <Baseline points="2995,1095 4092,1095"/>
                <TextEquiv>
                    <Unicode>Abermals dem Edlen vnnd vessten</Unicode>
                </TextEquiv>
            </TextLine>
            <TextLine id="tl_1745570891" custom="readingOrder {index:4;}">
                <Coords points="2995,1208 2996,1219 3001,1226 3093,1227 3419,1207 3570,1203 3651,1205 3802,1193 3876,1198 3975,1196 4093,1186 4100,1179 4100,1136 4097,1125 4086,1119 3996,1108 3842,1108 3770,1119 3720,1119 3617,1105 3514,1105 3407,1114 3292,1117 3177,1132 3081,1140 3001,1158 2996,1165"/>
                <Baseline points="2995,1195 4100,1195"/>
                <TextEquiv>
                    <Unicode>herrn Iosephen Niesser von Stain</Unicode>
                </TextEquiv>
            </TextLine>
            <TextLine id="tl_1745570876" custom="readingOrder {index:5;}">
                <Coords points="4191,1220 4184,1215 4163,1211 4137,1200 4088,1194 3925,1199 3748,1196 3505,1217 3282,1222 3155,1235 3027,1242 3009,1248 3005,1254 3004,1296 3010,1312 3049,1322 3208,1321 3403,1308 3710,1311 3791,1303 3839,1309 3871,1322 3961,1323 4041,1305 4186,1289 4193,1281"/>
                <Baseline points="3004,1290 4193,1290"/>
                <TextEquiv>
                    <Unicode>straß Rom. Khay. Mt. hoffkhriegs</Unicode>
                </TextEquiv>
            </TextLine>
            <TextLine id="tl_1745570874" custom="readingOrder {index:6;}">
                <Coords points="4149,1345 4147,1333 4135,1328 4085,1328 4005,1338 3950,1340 3916,1337 3859,1321 3819,1316 3756,1316 3642,1328 3511,1324 3421,1331 3070,1332 3034,1336 3018,1342 3013,1361 3015,1421 3023,1424 3319,1424 3391,1416 3521,1412 3665,1401 3810,1404 4129,1395 4148,1390"/>
                <Baseline points="3013,1397 4149,1397"/>
                <TextEquiv>
                    <Unicode>Zallmaister Inn hungern etc das</Unicode>
                </TextEquiv>
            </TextLine>
            <TextLine id="tl_1745570888" custom="readingOrder {index:7;}">
                <Coords points="4112,1417 4107,1412 4083,1409 3991,1408 3896,1412 3788,1425 3707,1419 3479,1423 3380,1429 3277,1442 3196,1446 3027,1466 3020,1476 3020,1520 3024,1529 3038,1531 3121,1531 3311,1519 3432,1522 3639,1509 3788,1510 3875,1515 3970,1504 4096,1501 4108,1498 4112,1493"/>
                <Baseline points="3020,1498 4112,1498"/>
                <TextEquiv>
                    <Unicode>Monnatliche Deputat auf die Al</Unicode>
                </TextEquiv>
            </TextLine>
            <TextLine id="tl_1745570892" custom="readingOrder {index:8;}">
                <Coords points="4096,1531 4074,1521 4063,1516 3993,1516 3768,1531 3552,1524 3511,1529 3460,1544 3350,1532 3276,1534 3083,1553 3035,1563 3025,1571 3024,1623 3030,1636 3042,1638 3234,1637 3332,1630 3463,1633 3565,1622 3670,1629 3792,1624 3855,1609 3900,1604 4069,1595 4096,1590"/>
                <Baseline points="3024,1606 4076,1606"/>
                <TextEquiv>
                    <Unicode>hieige Statt quardi so sich mit</Unicode>
                </TextEquiv>
            </TextLine>
            <TextLine id="tl_1745570883" custom="readingOrder {index:9;}">
                <Coords points="4056,1640 4046,1631 4007,1626 3771,1626 3731,1629 3638,1644 3478,1639 3330,1649 3237,1651 3037,1678 3025,1685 3024,1715 3027,1729 3037,1732 3160,1732 3350,1728 3476,1721 3588,1707 3713,1709 3881,1698 4042,1698 4056,1689"/>
                <Baseline points="3024,1704 4056,1704"/>
                <TextEquiv>
                    <Unicode>enndt diß Monnats verfallen</Unicode>
                </TextEquiv>
            </TextLine>
            <TextLine id="tl_1745570866" custom="readingOrder {index:10;}">
                <Coords points="4174,1722 4171,1711 4154,1706 3851,1706 3726,1715 3568,1716 3446,1731 3315,1740 3198,1756 3057,1764 3024,1771 3007,1780 3005,1823 3009,1836 3146,1838 3302,1828 3443,1826 3515,1814 3567,1810 3690,1818 3856,1813 4116,1817 4171,1806 4174,1794"/>
                <Baseline points="3005,1805 4174,1805"/>
                <TextEquiv>
                    <Unicode>benenntlichen Sechs hundert gul</Unicode>
                </TextEquiv>
            </TextLine>
            <TextLine id="tl_1745570879" custom="readingOrder {index:11;}">
                <Coords points="4072,1851 4068,1845 4058,1842 3668,1827 3603,1822 3521,1823 3402,1841 3299,1842 3198,1849 3006,1877 2995,1882 2993,1888 2993,1935 2995,1940 3012,1942 3140,1941 3467,1923 3580,1911 3650,1909 3768,1911 3892,1919 4055,1916 4066,1913 4072,1904"/>
                <Baseline points="2993,1912 4072,1912"/>
                <TextEquiv>
                    <Unicode>den Reynisch Vermüg seiner</Unicode>
                </TextEquiv>
            </TextLine>
            <TextLine id="tl_1745570863" custom="readingOrder {index:12;}">
                <Coords points="3919,1933 3916,1924 3907,1919 3872,1916 3596,1919 3412,1935 3299,1940 3210,1949 3067,1954 3019,1962 2994,1977 2986,1994 2986,2023 2990,2036 3001,2050 3324,2051 3376,2047 3499,2029 3562,2023 3786,2011 3880,2001 3914,1994 3919,1987"/>
                <Baseline points="2986,2015 3919,2015"/>
                <TextEquiv>
                    <Unicode>quittung hiebeiligundt</Unicode>
                </TextEquiv>
            </TextLine>
            <TextLine id="tl_1745570867" custom="readingOrder {index:13;}">
                <Coords points="3040,2127 3048,2143 3065,2149 3463,2139 3669,2150 4320,2153 4538,2134 4603,2122 4621,2110 4622,2068 4610,2055 4557,2046 4306,2029 4203,2017 3753,2015 3628,2026 3552,2046 3537,2059 3504,2069 3412,2080 3347,2077 3250,2083 3067,2083 3042,2095"/>
                <Baseline points="3040,2117 4622,2117"/>
                <TextEquiv>
                    <Unicode>Idest f 600. s - d -</Unicode>
                </TextEquiv>
            </TextLine>
            <TextLine id="tl_1745570860" custom="readingOrder {index:14;}">
                <Coords points="2939,2325 2942,2419 2953,2429 2993,2441 3251,2442 3371,2425 3489,2421 3604,2408 3697,2409 3775,2422 3819,2422 3891,2410 4056,2419 4074,2416 4083,2408 4082,2322 4077,2319 3894,2313 3739,2288 3691,2286 3573,2310 3451,2315 3329,2333 3296,2332 3158,2313 3114,2294 3093,2272 3062,2258 3041,2253 2997,2251 2973,2258 2947,2280"/>
                <Baseline points="2939,2392 4083,2392"/>
                <TextEquiv>
                    <Unicode>Den Letsten December Zalt ich</Unicode>
                </TextEquiv>
            </TextLine>
            <TextLine id="tl_1745570864" custom="readingOrder {index:15;}">
                <Coords points="4056,2460 4045,2452 4035,2448 3966,2442 3885,2430 3810,2444 3764,2446 3655,2429 3579,2426 3439,2439 3393,2435 3324,2436 3184,2456 3028,2465 3011,2473 3010,2510 3015,2514 3102,2521 3166,2535 3257,2534 3279,2525 3318,2516 3377,2509 3451,2506 3523,2508 3550,2513 3576,2524 3621,2528 3664,2522 3724,2505 3766,2501 3949,2506 4030,2503 4055,2495"/>
                <Baseline points="3010,2507 4048,2507"/>
                <TextEquiv>
                    <Unicode>dem Edlen vnnd vessten herrn</Unicode>
                </TextEquiv>
            </TextLine>
            <TextLine id="tl_1745570865" custom="readingOrder {index:16;}">
                <Coords points="4192,2550 4178,2540 4132,2533 4028,2530 3907,2517 3824,2513 3727,2518 3569,2535 3391,2525 3331,2526 3287,2532 3212,2557 3158,2559 3092,2541 3028,2535 2994,2545 2974,2559 2971,2618 2975,2626 2991,2632 3068,2634 3261,2622 3385,2606 3442,2607 3524,2619 3647,2601 3794,2598 3958,2602 4078,2627 4133,2630 4175,2621 4187,2614 4191,2603"/>
                <Baseline points="2971,2603 4192,2603"/>
                <TextEquiv>
                    <Unicode>Iosephen Niesser von Stainstraß</Unicode>
                </TextEquiv>
            </TextLine>
            <TextLine id="tl_1745570881" custom="readingOrder {index:17;}">
                <Coords points="4110,2659 4109,2643 4098,2633 4043,2625 4020,2615 3979,2608 3695,2605 3536,2608 3348,2620 3235,2632 3091,2637 2981,2652 2966,2658 2960,2667 2962,2725 2969,2730 3000,2735 3060,2734 3247,2718 3601,2727 3719,2717 3768,2723 3808,2734 3869,2735 3964,2718 4099,2706 4109,2697"/>
                <Baseline points="2960,2701 4110,2701"/>
                <TextEquiv>
                    <Unicode>Rom. Khay. Mt. etc hoffkhriegs</Unicode>
                </TextEquiv>
            </TextLine>
            <TextLine id="tl_1745570899" custom="readingOrder {index:18;}">
                <Coords points="4080,2744 4069,2735 4040,2733 3984,2735 3870,2747 3823,2746 3678,2731 3443,2738 3197,2735 3032,2746 2996,2758 2988,2771 2986,2785 2991,2821 2996,2830 3032,2843 3866,2842 4023,2833 4072,2821 4080,2812"/>
                <Baseline points="2986,2815 4080,2815"/>
                <TextEquiv>
                    <Unicode>Zallmaister in hungern etc das</Unicode>
                </TextEquiv>
            </TextLine>
            <TextLine id="tl_1745570870" custom="readingOrder {index:19;}">
                <Coords points="2751,3100 2755,3114 2773,3126 2874,3133 3800,3133 3864,3112 3889,3092 3951,3072 4182,3039 4196,3032 4211,3010 4241,2994 4248,2965 4236,2953 4180,2942 3976,2931 3567,2932 3470,2929 3308,2914 3059,2915 2930,2932 2852,2949 2811,2965 2796,2999 2765,3032 2755,3050"/>
                <Baseline points="2751,3076 4248,3076"/>
                <TextEquiv>
                    <Unicode>Lattus 1200 f - s - d</Unicode>
                </TextEquiv>
            </TextLine>
            <TextEquiv>
                <Unicode>verfallen Vermug seiner quitt&#13;
ung Idest f. 600. s - d -&#13;
Den Letsten Nouember Zaldt Ich&#13;
Abermals dem Edlen vnnd vessten&#13;
herrn Iosephen Niesser von Stain&#13;
straß Rom. Khay. Mt. hoffkhriegs&#13;
Zallmaister Inn hungern etc das&#13;
Monnatliche Deputat auf die Al&#13;
hieige Statt quardi so sich mit&#13;
enndt diß Monnats verfallen&#13;
benenntlichen Sechs hundert gul&#13;
den Reynisch Vermüg seiner&#13;
quittung hiebeiligundt&#13;
Idest f 600. s - d -&#13;
Den Letsten December Zalt ich&#13;
dem Edlen vnnd vessten herrn&#13;
Iosephen Niesser von Stainstraß&#13;
Rom. Khay. Mt. etc hoffkhriegs&#13;
Zallmaister in hungern etc das&#13;
Lattus 1200 f - s - d</Unicode>
            </TextEquiv>
        </TextRegion>
    </Page>
</PcGts>
