4860 3889
694 546 1849 699 lichen Sechshundert gulden Rey
714 683 2394 848 vermüg seiner Quittung Idest f. 600. s - d -
682 1039 1877 1161 Den Letsten Februarii gab ich dem Edlen
703 1143 1876 1258 vnnd vessten herrn Iosephen Niesser
713 1230 1824 1348 von Stainstraß Rom. Khay. Mt. etc.
713 1333 1887 1455 hoffkhriegs Zallmaister Inn hungern
721 1439 1865 1538 vnnd Verwalttern der herrschafft
715 1523 1898 1622 Geföll benenntlichen Sechshundert
743 1619 1877 1723 gulden so Monnatlich auf die All
754 1710 1802 1820 hieige Statt Quardii geraicht
741 1812 1853 1928 würdet vnnd sich diß abgeloffene
737 1910 1936 2029 verfallen vermüg seiner Quittung
718 2004 2377 2153 hiebeiligenndt Idest f. 600. s - d -
611 2289 1832 2427 Den Letsten Martii gab Ich dem Edlen
736 2413 1901 2521 vnnd vessten herrn Iosephen Nies
737 2508 1905 2629 ser von Stainstraß Rom. Khay.
746 2614 1852 2735 Mt. etc hoffkhriegs Zallmaister in
760 2720 1852 2828 Hungern vnnd Verwaltter der
755 2815 1919 2957 herrschafft Geföll etc das Monnat
780 3041 2007 3240 Latus 1200 f - s - d.
2992 452 4106 601 liche deputat auf die Alhie eige Statt
3003 580 4036 685 quardia oder Fenndl Teutscher
2971 674 4074 794 Khnecht so von Gemainer Statt
2989 767 4110 877 dahin geraicht würdet vnnd sich
2987 860 4128 969 an heut verfallen benenntlichen
2979 955 4133 1081 Sechs hundert gulden Reynisch ver
2977 1068 4005 1189 müg seiner Quittung hiebei
3041 1184 4645 1330 f 600 s - d -
2951 1451 4079 1596 Den Letsten Monnat tag Apprill gab
3007 1590 4052 1690 ich dem Edlen vnnd vessten herrn Ho
2994 1686 4071 1813 sephen diesser von Stainstraß
2958 1789 4122 1900 Rom. Khay. Mtt. etc hoff Khriegs Zall
2977 1877 4090 1996 maister Inn hungern Benennt
2981 1980 4086 2098 lichen Sechshundert gulden so Mon
2991 2077 4043 2198 natlich auf die Alhieige Statt
2961 2178 4060 2305 9 uarii von Gemainer Statt ge
2969 2278 4071 2397 raicht würdet vnnd sich diß Ab
2986 2378 4113 2499 geloffen Monnath verfallen Ver
2969 2489 4020 2598 müg seiner quittung hiebei
2991 2566 4594 2713 Idest f 600. s - d -
2924 2758 4156 2919 Den Letsten Monnats Tag Maii Zaldt
2896 2965 4231 3156 Latus 1200 f - s - d.
