4859 3954
745 542 1854 681 tzehen hundert dritten Iars den
734 672 1938 792 Letsten Apprillis mit gleichunderst
741 785 1891 893 sigem Außwechsl alda Angelegt
730 882 1851 987 vnnd durch vbergab subdato den
712 981 1904 1100 Neunten September Negst abge
747 1084 1840 1194 loffenen Sechshundert Sechsten
730 1189 1873 1302 Iars Frey Aigennthumblichen
745 1287 1910 1406 an obgedachten Hierschen khum
729 1405 1868 1501 men vermüg seiner Quitt
738 1495 1951 1597 ung vbergab vnnd Cassierten obl.
730 1590 2374 1742 hiebeiligennt Idest f 1900. s - d -
733 1947 1865 2102 Den Achtund Zwaintzigisten Appri
782 2083 1862 2196 lis Zaldt Ich der Frauen Eßma
782 2178 1879 2290 rina Khockhin Wittib Zu volliger
783 2273 1927 2389 Contendierung der Ainhundert gulden
766 2370 1861 2488 so sie als Yetzt Georgii verfallnen
741 2467 1844 2581 Sechsten Termin bei Gemainer
751 2561 1845 2695 Statt ligennt Zuersuechen gehabt
752 2669 1808 2795 vber die hieuor den Viertten
715 2765 1872 2915 December des Negstabgeloffnen
747 2870 1838 3016 Iars daran betzaldten Funffund
407 3047 1464 3308 Lattus per Se.
3005 455 4059 599 Zwaintzig gulden noch darauf be
3027 579 4052 690 nenntlichen Funffvnd Sybentzig
3018 678 4138 792 gulden Reynisch vermüg Irer Quitt
2995 781 4520 908 ung Idest f. 75 s - d -
2912 1033 4031 1209 Den Letsten Monnatstag Apprillis
3016 1186 4012 1295 Zaldt ich der Edlen tugentsamben
3024 1270 4076 1390 frawen Elisabeth weillenndt Vl
3016 1366 4127 1486 richen Muehrn Rom. Khay. Mt. etc
3008 1471 4117 1597 gewesten Dienners vnnd Chatarina
3023 1583 4097 1692 seiner ehewierthin beeden seeligen
3009 1677 4103 1800 eheleiblichen Tochtern Yetzo herrn
2985 1784 4086 1901 Mathiasen Zeiller höchstgedachter
2977 1883 4084 2030 Irer Khay. Mt. etc Profianndt Ver
3009 1994 4025 2121 waltters Zw Prespurg ehelichen
3020 2097 4113 2223 hausfrauen Zw volliger Contendier
3013 2198 4116 2323 ung der Sechshundert gulden Ryh
3003 2301 4063 2428 haubtsumma so obgedachter Ir lie
3015 2414 4064 2519 ber herr Vatter seeliger noch ver
3012 2506 4097 2630 schinen Ainvnnd Neuntzigisten Iars
2998 2606 4055 2723 den Ersten Ianuarii vmb Syben
2989 2713 4136 2843 Per Cennto Iarlicher verZinßung
2820 2881 3676 3092 Lattus per Se.
