4869 3911
746 520 1842 649 Ich dem Edlen vnnd vessten herrn
774 630 1965 752 Josephen Niesser Rom. Khay. Mt. etc.
789 739 1931 859 hoffkhriegs Zallmaister das mon
807 834 1876 934 natliche Deputat Nemblichen
767 926 1879 1041 Sechs hundert gulden Reynisch
805 1026 1885 1137 so von Gemainer Statt Wienn
799 1128 1920 1241 auf die Alhieige Statt quardii
775 1234 1864 1349 geraicht würdet vnnd sich diß
794 1334 1821 1434 Monnath verfallen vermüg
779 1407 2376 1567 seiner quittung Idest f. 600. s - d -
718 1733 1831 1880 Den Letsten Iunii gab ich dem Edlen
797 1864 1944 1970 vnnd vessten herrn Iosephen Niesser
778 1950 1898 2063 von Stainstraß Rom. Khay. Mt. etc
786 2043 1915 2155 Khriegs Zallmaister Inn hungern
799 2146 1938 2256 die gebür auf diß Monnat Iunii
785 2241 1915 2348 auf die Alhieige Statt quardi Be
771 2332 1884 2445 nenntlichen Sechs hundert gulden
738 2433 1896 2553 Reynisch vermüg seiner Quitt
786 2534 1637 2640 ung hiebeiligennt
774 2608 2351 2755 Idest f. 600 s - d -
770 2774 1891 2971 Den Letsten Monnats Tag Iullii
610 3011 2005 3190 Lattus 1200 f - s - d
3001 484 4101 600 gab ich dem Edlen vnnd vessten herrn
2983 584 4080 713 Iosephen Niesser Rom. Khay. Mt. etc
3008 686 4005 791 Khriegs Zallmaister in hungern
2964 766 4094 882 Benenntlichen Sechs hundert gulden
2959 852 4102 978 Reynisch so Monnatlichen von Ge
2993 959 4024 1063 mainer Statt auf die Alhieige
2990 1054 4035 1166 Statt quardii geraicht würdet
2985 1140 4067 1252 vnnd sich diß Abgewichene Mon
2996 1238 4065 1339 nat verfallen vermüg seiner
2978 1325 4536 1467 Quittung hiebei Idest f. 600. s - d -
2825 1613 4142 1816 Den Letsten Augustii gab ich Abermal
2968 1802 4036 1886 len dem Edlen vnnd vesten herrn
2909 1880 4018 1998 Iosephen Niesser von Stainstraß
2928 1969 4163 2084 Rom. Khay. Mt. etc Khriegs Zallmaister
2949 2072 4080 2173 das gewohnnliche deputat so von Ge
2968 2160 4010 2274 mainer Statt auf die Alhieige
2969 2264 4084 2374 Statt quardi geraicht würdet vnd
2964 2361 4059 2480 sich mit Enndt dises Monnats ver
2963 2445 4062 2573 fallen Benenntlichen Sechs
2953 2559 4113 2669 hundert gulden Reynisch vermüg
2941 2651 4532 2799 seiner Quittung Idest f. 600. s - d -
2784 2982 4233 3244 Lattus 1200 f. - s - d
