4878 3945
2433 240 4294 867 Außgab auf
2975 843 4200 1040 die Betzallung des Ent
2999 1021 4134 1145 lechneten Geldts Auf Gemainer
2985 1125 4093 1250 Statt Wienn Notturfften Als
3423 1235 3727 1334 Volgt
2905 1640 4112 1789 Erstlichen den dreytzehenndten Ianuarii
2984 1778 4066 1882 diß eingehenndten Aintausent Sechs
2971 1866 4050 1976 hundert Syben Iars gab ich dem Edlen
3001 1954 4078 2061 vnnd vessten herrn Michael Püdler
2983 2035 4096 2147 Zw Velben Rom. Khay. Mt. etc N.Ö.
3000 2135 4106 2238 Camer Rath Inn Abschlag der Viertau
3009 2217 4091 2330 sent gulden Reynisch haubtsuma
3012 2303 4129 2421 so Er gegen Syben Per Cennto Res
3010 2403 4073 2514 tierundt bei Gemainer Statt
3009 2498 4073 2614 Wienn ligennt Zuersuechen hat
3001 2596 4169 2708 benenntlichen Zwayhundert dreiß
3012 2699 4095 2801 sig gulden vermüg seiner Quitt
2996 2767 4637 2906 ung hiebeiligenndt Idest f. 230 s - d -
2795 2938 3644 3157 Latus per Se.
