5260 4236
767 635 2003 796 Item Zalte ich dem Iacob
760 799 2008 883 Franz Lauter Neu auf
776 888 1960 965 genohmenen Scar diener
772 959 2024 1052 die ihme gleichfahls Zuege
794 1046 1995 1124 legte Scar dieners bsoldung
762 1127 2044 1217 Von Ersten Xbr. 730. biß
781 1191 2040 1286 6. Ianu. 731. auf 5 wochen
778 1275 2012 1371 undt 1 tag Laut dessen
781 1355 2033 1452 berathschlagten anbringen
801 1410 2600 1561 undt Quittung mit 10 f. 17 kr
777 1631 2023 1776 Dem Martin Krauthmann
798 1736 2050 1841 aufsehern wochentlich 2 f.
790 1795 2635 1926 Laut Quittung bezalt 104 f - " -
785 1987 2051 2176 Dc umor wie auch Nacht und tag
1217 2126 1619 2249 Wachter
779 2304 2051 2453 Dan bezalte ich weiters dem
795 2409 1978 2535 Iohann Christoph Wöber
832 2463 1998 2629 Rumor Haubtmann seine
788 2573 2057 2693 Vor ihme undt vnterhabende
791 2647 2016 2788 Mannschafft Von ersten
781 2730 2008 2868 Ianu. biß 31 Xber. 730
778 2809 1982 2958 Monnatlich mit 201 f. be
791 2890 2024 3032 tragendte bsoldung Laut
788 2987 2013 3132 dessen geförttigten 12.
778 3060 2639 3245 Rollen hiebey mit 2412 f - " -
1877 3277 2648 3438 2526 f. 17 kr.
3136 660 4374 820 Ingleichen Zalte ich dem
3164 817 4446 913 Statt sücherheits Wachtmaister
3164 913 4446 998 die Vor ihme 3 Rottmaister
3161 995 4442 1084 undt 60. Nachtwachter pro Mense
3143 1085 4431 1173 Ianuario Martio Maio Iulio Septemb.
3153 1175 4437 1255 et Nouemb. auf 6. Monnath (
3157 1260 4445 1324 massen die übrige 6 Monnat
3141 1331 4428 1419 Von der Iluminations Cassa bezalt
3127 1415 4452 1503 werdten ) undt Zwar Monnatl.
3151 1503 4405 1592 mit 405 f. betragendte bsol.
3141 1568 5090 1687 dung Zusamben mit 2430 f. - kr
3132 1800 4391 1914 Dan für die Zu abtreibung
3143 1913 4396 1992 der betl Leith aufgenohmene
3146 1990 4450 2069 30. Mann undt 2. Rottmaister
3145 2078 4429 2162 Monnatlich 198 f. 20 kr. Von
3136 2160 4403 2248 Ersten Ianu. biß Ersten
3140 2234 4472 2330 Xber. diß iahrs Laut ge ört
3139 2332 4977 2444 tigten 12 Rollen bezalt 2380 f. - " -
4345 2484 5094 2596 4810 f. - kr
3201 2601 4623 2873 Summa Ausgab auf
3477 2856 4160 2967 bsoldungen
3347 3037 4786 3266 71005 f. 46 kr. 2 d.
