5272 4223
3070 353 4313 765 Außgab
3150 834 4427 996 Auf Klaidung und Opffer geldt
3106 1118 4400 1253 Den Lezten Xber. Anno 730.
3108 1229 4397 1340 Zalte ich dem Herrn Antonio
3104 1332 4353 1423 Friderich Schweitzer Ober
3113 1422 4363 1509 Camer Ambts Remanenzern
3126 1503 4402 1600 sein vor diß iahr Ver
3120 1593 4411 1685 fallenes Klaider gelt Laut
3108 1655 5066 1788 Quittung mit 6 f. - kr
3131 1878 4386 2056 Item denen 3 Raths dienern
3163 2057 4380 2151 die ihnen Vor diß iahr
3142 2141 4325 2232 gleichfahls gebührendte
3158 2228 4403 2328 24 f. Klaider gelt bezalt
3133 2320 5099 2429 Laut Quittung 24 f. - " -
3519 2509 5097 2737 Summa per Se 30 f " - kr
