6276 4717
3956 255 5113 687 Ausgab
3862 767 4754 1014 Ins Gemein
5355 620 5945 808 f. kr. d.
3655 1288 5167 1470 Den 8.ten dmb. 766. habe in ausgab
3675 1460 5094 1608 zu bringen die ohne abforderung
3677 1598 5130 1733 einer Quittung Laut pro Memoria
3673 1718 5104 1871 und darauf befindlichen Passierung
3674 1874 5161 2001 zur sicheren Hand abzufolgen an
3646 1999 5937 2153 gewiesene 12. kr. Ducaten oder 50 " 24  -
3633 2216 5197 2361 Den 11. dito bezahlte ich dem Mathias
3671 2382 5146 2513 Pazenbeiser die ihme wegen Sper
3671 2511 5199 2651 rung der Petten an denen Raths
3684 2655 5139 2819 tägend Vermög berathschlagten an
3701 2794 5135 2948 bringen und darauf gestellter
3663 2954 5914 3123 Quittung Verwilligte 3 -
3668 3169 5077 3343 Den 19.ten dito dem Iohann Höldt
3668 3354 5147 3495 Rumor lieutenant die ihme auf
3643 3493 5223 3647 einen Montur Roc    gleich Vorhin
3654 3659 5153 3801 inhalt berathschlagten anbringen
3656 3805 5153 3962 und darauf gestellter Quittung
5105 3968 5967 4091 53 " 24 -
