6416 4702
2466 644 2996 852 f. kr d.
782 1097 2997 1233 angewiesene 12 " - " -
752 1261 2287 1421 Den letzten dmb. 766. bezahlte ich dem
747 1437 2179 1561 Urban Preßl Haus meistern in
748 1565 2252 1690 Rathhaus wegen Anno 766. Verrichter
738 1709 2276 1839 Saüberung der Pupillen Rait Camer
749 1850 2240 1977 dartzu erkaufften Sagschaitten und
720 1983 2256 2124 Pesen das iähr. aus geworffene
734 2142 3028 2273 gegen passirter Quittung 3 " 45 " -
745 2306 2229 2477 Dito ingleichen ihme Preßl wegen Ver
743 2476 2275 2612 richter Saüberung der Buchhalterey
750 2608 2278 2755 das iähr. Verwilligte besag passierter
752 2767 3011 2940 Quittung 3 " 45 -
713 2928 2235 3082 Dito bezahlte ich denen sament. gemr.
747 3091 2213 3216 Stadt Cantzelisten wegen Anno 766.
744 3224 2173 3341 in das Steüer amt abgegebenen
738 3348 2292 3491 Burger zeteln das iähr. aus geworffene
776 3492 2944 3638 Vermög Quitt. 10 -
745 3655 2255 3806 Den 2.ten Ian. 767. dem Christoph Türck
750 3799 2255 3940 und Ioh. weiß beeden Nachtwachtern
2165 3927 3028 4116 29 " 30 " -
5309 701 5899 860 f. kr d.
3594 1226 5189 1377 in Rathhaus die ihnen beweiß berathschlagten
3650 1367 5174 1505 anbringen und darauf befindliche Quit
3642 1496 5823 1632 tung aus geworffene 6 " - " -
3622 1672 5157 1842 Den 2.ten Ian. 767. bezahlte ich denen
3650 1830 5197 1986 P. P. Capucinern am neüen Markt al
3654 1958 5198 2114 hier wegen Vor die Verstorbene herrn
3637 2072 5219 2242 des I. R. seel. gelassene 200 Hic. Mes
3643 2217 5899 2363 sen Vermög Quitt. 100 -
3661 2417 5154 2588 Den 15.ten dito dem Mathias Perger
3652 2589 5129 2743 Stadt Sicherheits Wachtmeister die
3655 2735 5195 2883 ihme und denen Rathmeistern wegen
3645 2870 5154 3030 besonders habender obachtsamkeit
3673 3015 5134 3175 auf Gmr. Stadt Rath Haus Laut be
3642 3142 5881 3304 rathschlagten anbringen und Quitt. 12 -
3662 3348 5106 3498 Den 3.ten Febr. bezahlte ich dem
3648 3487 5162 3650 Ignatz Herrschitz Casern Verwalter
3655 3619 5163 3806 das bey vorgenohmener Mehl visi
3641 3765 5138 3937 tation deren Burger. Becken
5117 3927 5883 4081 118 -
