6262 4711
2439 683 2983 835 f. kr d.
700 1135 2129 1293 von Meraviglia gn. Gräfin Von
682 1306 2243 1436 Mollarth als Innhaberin der Herr
671 1456 2221 1607 schafft Gumpendorf und den herrn
680 1623 2154 1750 Anton Vernaii Beneficiaten
689 1772 2266 1916 des St. Magdalena Stifft wegen des
686 1931 2212 2059 so genannten Magdalena Grund
686 2075 2252 2199 die auf gemeine Stadt zum dritten
669 2207 2312 2347 Theill komende Ankosten besag passirt
666 2349 2834 2499 und gefertigter Specification 20 -
673 2491 2232 2644 Den 4.ten Maii 467. dem Leopold Wun
677 2662 2262 2803 derl Burger. Hufschmidmeistern
678 2815 2235 2934 auf der wienn den von ihme Vor
682 2947 2246 3066 einen Orden Grund oder sogenannten
671 3069 2278 3208 zwinger alda unterm 7. Octo. 766
686 3189 2196 3316 erlegten Kauf schilling Vermög Löb.
676 3316 2212 3425 Stadt Raths Decret Anno 29. April
682 3432 2896 3572 767. und Quitt. an wieder und zuruck 100 -
684 3594 2249 3787 Den 12.ten dito habe ich in ausgab zu
694 3766 2198 3927 bringen die wegen in eing Be
2180 3969 2973 4113 120 -
5253 572 5887 758 f. kr d.
3663 1017 5139 1178 nachbarten Districten durch eine
3677 1191 5095 1330 sichere Persohn in augenschein ge
3682 1321 5062 1488 nohmenen Winter feld Früchten
3680 1460 5140 1626 Laut pro Memoria und darauf
3626 1603 5952 1759 gegebener Passierung aufgewendeten 7 " 44 -
3645 1839 5140 2000 Den 12.ten Maii 767. empfange ich Ferdi
3666 1986 5138 2121 nand Schrenckh des I. R. und ober
3645 2095 5163 2257 Stadt Camerer die wegen dem sowohl
3655 2216 5186 2362 Von dem dermalig P. P. als Stadt Mehl
3657 2341 5127 2490 auf Magistrati. Veranlaßung auf
3657 2449 5129 2603 gmr. Stadt Papier Mühl mittels
3691 2594 5128 2725 172    Mehl Vorgenohmene Brod
3662 2714 5161 2854 Backungs Prob nicht allein Respectu
3664 2834 5123 3020 des Mehl sondern auch auf zährung
3656 2956 5188 3129 und trümk geld aus gelegte Unkosten
3659 3081 5151 3260 inhalt pro Memoria und darauf
3669 3196 5925 3370 befindlicher Passierung 624 -
3630 3397 5109 3546 Dan stelle anhero in ausgab die von
3659 3529 5186 3673 dem gewesten den 28.ten Martii 764. aber
3657 3670 5173 3831 entwichenen ober Camer amts offi
3587 3802 5152 3988 cianten Franz Ioseph Müller dem
5077 3947 5874 4073 14 " 8  -
