6275 4725
2400 681 3045 947 f. kr d.
762 1253 2284 1400 Meistern von 1.ten Febr. 766. bis lezten
765 1412 2346 1542 Ian. 767. aus gelegte Fuhrlohn und
741 1556 2295 1695 zöhrung besag passiert und gefer
728 1713 3083 1848 tigter Verzeügnuß 25 " 4 -
761 1915 2290 2074 Den 10.ten Martii 767. bezahlte ich
763 2098 2316 2224 dem Leopold Paliwoda buch druckern
765 2234 2318 2363 vor geliferte 27. Stuck Schematis
762 2376 2328 2527 mos à 2. f. 6 kr. Vermög Specifi
773 2529 3062 2670 cation und Quitt 56 " 42 -
779 2750 2312 2929 Den 11.ten dito bringe ich in ausgab die
762 2927 2244 3079 wegen Verscheibung einer gewissen
764 3092 2304 3223 Persohn in angelegenheit des Publici
739 3223 2251 3352 bis an die Böhimi. und Mahrischen
758 3358 2202 3472 Gränzen Laut pro Memoria und
741 3476 3071 3639 darauf befindlicher passrung aus gelegte 21 " 42 -
776 3643 2225 3787 den 20.ten dito betzahlte ich h. Reymund
775 3795 2295 3947 Ferd. von zalheimb des I. R. von ein
2099 3901 3114 4161 103 " 28 -
5286 549 5888 733 f. kr d.
3648 1071 5050 1226 erkaufften Strich verdachtiges rocken
3668 1233 5081 1368 Mehl aus welchen eine Prob gebachen
3650 1380 5014 1509 worden die aus gelegte Unkösten
3662 1541 5984 1685 Vermög passierter Quittung 1 " 26 -
3652 1739 5028 1895 Den 9.ten April 767. bezahlte ich
3668 1906 5057 2042 dem Mathias Pazenbeißer die ihme
3653 2050 5072 2178 wegen Sperung der Petten an denen
3667 2174 5054 2319 Raths tägen gmr. oster Zeit Laut
3659 2307 4986 2466 berathschlagten anbringen und
3676 2447 5100 2612 darauf gestellter Quittung an
3686 2646 5885 2776 gewisene 3 " - " -
3646 2880 5123 3032 Den 14.ten dito dem herrn Franz
3658 3044 5133 3199 Gruß N.Ö. Regieruns und der
3673 3196 5043 3360 Land Rechten iu amentirten
3671 3323 5134 3500 Ingenieur wegen Verfertigten 4.
3665 3456 5157 3610 Granitz Mappen zwischen alhiesig
3682 3601 5129 3768 Löbl. Stadt Magistrat Von seiten
3687 3740 5157 3920 des burgfrid dan |:titl:| Fr. Gräfin
5074 3895 5866 4051 4 " 16 -
