6393 4699
2268 575 2957 889 f. kr d.
688 1086 2233 1239 der Grossen Kinderlehr Procession
705 1252 2224 1372 inhalt berathschlagten anbringen und
694 1372 2907 1519 darauf gestellter Quittung 100 -
701 1612 2162 1773 Den 1.ten Sep. 767. bezahlte ich dem
682 1777 2249 1906 Mathias Förman Bürger. Würt
689 1919 2246 2037 in der Ios. Stadt wegen bey Einen
692 2041 2220 2175 offent. Ruff denen Hh. Comissa
673 2178 2205 2294 rien Trompetern und Knechten
691 2300 2225 2431 gegebenen Mittag Mahl seinen
723 2445 2997 2616 passiert und gefertigten Conto 25 " 7 -
704 2712 2185 2872 Den 3.ten dito dem h. Simon Tha
717 2881 2231 3019 dæo Witlmann Kay. König. und
710 3041 2208 3158 Gemr. Stadt zeüg wart dan der
744 3168 2219 3305 burger. Artillerie Compagnie
732 3311 2243 3434 das aus gelegte Fuhrlohn und Sperr
727 3440 2216 3558 Geldt zu Verrichtung des in Pradter
730 3555 2227 3683 ein geführten Sperr Schuß von 24.ten
673 3681 2279 3811 April bis lezten Iunii 767. vermög
733 3812 3063 3975 passierter Specifation und Quitt 64 " 20 -
2019 4008 2853 4189 189 " 27
5355 481 5925 656 f. kr d.
3736 1067 5137 1232 Den 14.ten April und lezten Sep.
3718 1227 5141 1374 767. bezahlte ich dem Franz Adam
3702 1335 5149 1485 Frey willig Mautnern am Schotten
3692 1453 5162 1616 Thor das auf ein Holtz gewölb iähr.
3680 1563 5176 1733 Verwilligte Von Georgii 767. bis dahin
3724 1704 5871 1869 768 besag Quittungen 8 -
3705 1899 5082 2072 Den 2.ten Octob. bezahlte ich dem
3704 2018 5128 2196 Mathias Felber und Mathias Lieb
3701 2140 5187 2298 beeden Weingarts übergehern wegen
3686 2245 5140 2415 bereitung des weingebürgs auch
3692 2368 5158 2538 fürforderung deren Hüttern und
3672 2485 5178 2661 Burgern zur aufnahm und abdan
3674 2608 5967 2778 kung pro 767. inhalt Quitt 20 " - " -
3685 2871 5093 3046 Den 9.ten dito dem Franz Anton
3681 3011 5150 3226 Haßler ober Camer ambts Cassier
3692 3164 5144 3334 das ihme wegen Collectirung des
3693 3303 5137 3480 ziment geld und hierüber ver
3679 3424 5100 3597 fasten berechnung pro 766
3678 3588 5963 3753 Laut passirter Quitt mit 4  12  -
5026 3811 6013 3945 32 " 12 -
