6329 4707
2495 633 3021 791 f. kr. d.
773 1082 2238 1247 Ober Camer amt Veruntreüte und
772 1226 2325 1372 entfremdete baare Gelder ( wie solche
770 1378 2346 1515 in denen durch diese Iahr her geführten
759 1521 2338 1667 Haupt Rechnungen als ein Cassa ab
753 1664 2300 1794 gang angemerket und nun Von Ihro
775 1790 2272 1946 Kay. König. Aposto. Maytt. bis
786 1932 2208 2073 auf den aus des Müllers Ceidæ
794 2059 2336 2201 Massa zu Bewürken komenden Ersatz
799 2214 2249 2325 mithin ohne allen jemanden ab drin
801 2318 2305 2454 genden Regress Vollends und ohne
796 2458 2238 2592 aus nahm allergnädigst abzuthuen
808 2592 2297 2719 anbefohlen worden ) Vermög Von
798 2724 2404 2853 Einen Löbl. Würtschafft Raths intimirten
800 2853 2364 2985 Decret Anno 19.ten und Pro. 20.ten
824 2933 3103 3117 Iunii 767. in betrag per 7964 " 55 " kr
818 3142 2392 3296 Den lezten ml. 766. und lezten Iunii
832 3311 2302 3422 767. bezahle ich Beeden Weingarts
833 3420 2242 3542 Übergehern Mathias Felber und
827 3546 2363 3694 Mathias Lieb wegen Besichtigung der
832 3702 2314 3823 Pupillen Weingarten von 1.ten Iulii
841 3833 2390 3992 766. bis lezten Iunii 767. auf ein
2325 3918 3106 4189 7964 " 55 " 2
5375 561 5984 752 f. kr d.
3743 1074 5834 1226 Iahr Laut 2. Quittungen 10 -
3692 1302 5208 1461 Den 24.ten Iulii 767. bezahlte ich dem
3694 1477 5243 1608 Ioh. Georg Gstadtner Burger. Groß
3702 1613 5254 1740 Uhrmachern wegen aufzieh Nachseh
3712 1745 5183 1868 und aus putzung der thurn uhr in
3702 1866 5197 2012 Rathhaus die von 1.ten Iulii 766. bis
3694 2015 5214 2154 lezten Iunii 767. auf ein Iahr Ver
3725 2150 5251 2302 fallene bestallung besag adiustirter
3688 2287 5888 2468 Quittung 10 -
3692 2498 5249 2655 Den 28.ten dito dem Magdalena Pfefer
3704 2663 5195 2782 kornin die derselben in ansehung
3696 2787 5234 2916 des grossen Nothstand zu bestreittung
3700 2918 5204 3038 deren Leich Unkosten ihres Verstor
3706 3040 5198 3165 benen Ehemann Ios. Pfeferkorn
3701 3171 5235 3301 gewest gmr. Stadt übergehers seel. Ver
3688 3299 5228 3413 mög berathschlagten anbringen und
3696 3427 5749 3574 Quittung Verwilligte 30 -
3686 3545 5180 3696 Den 30.ten dito dem h. Patri Ioh. Stein
3702 3685 5179 3798 kellner Soc. Iesu und Kinderlehr
3665 3797 5183 3959 Patern in Profess Haus zu Haltung
5137 3983 5907 4108 50 -
