5411 3610
701 468 2020 624 nota Herr Pernharten von Tehenstain von des
827 607 2612 744 Klain Schennkhambts wegen vt quittung v γ d
1012 950 1883 1141 Suma Ausgeben gen hof das
1113 1121 1950 1227 man an der Stat steur abtzeicht
1105 1197 1664 1338 ꞩ M vi c lii γ d
716 1285 2097 1667 Ausgeben von der Heyratsteur
854 1622 1195 1721 gen Polan
752 1689 1933 1826 nota vnnserm Allergenedigisten herrn n dem
791 1811 1918 1909 Romischen Kaiser etc von dem Anslag der
839 1897 1938 1994 Heyratstewr gen Polan viii c guld per
844 1979 2538 2113 x s xx vt quittung ꞩ i M Lx vi γ v s x d
712 2105 2023 2224 nota Hern Conradten Holtzler Zu desselben vn
818 2216 2060 2307 sert allergenedigisten herrn n des Romischen
824 2296 1947 2389 Kaiser etc Hannden von dem genannten
796 2377 1981 2481 Anslag vt quittung i M i c xl guldein
806 2445 2579 2571 den guld per x s xx ꞩ i M v c xxi γ Lx d
758 2566 1981 2671 nota demselben Hern Conraten vt quittung vi c
824 2622 2607 2771 guldein per xi s ꞩ viii c xxv γ d
941 2790 1817 2919 Latus iii M iiiI c xvii γ vii s x d
941 2937 1939 3072 Suma Ausgeben der Heyrathsteur gen
985 3061 1971 3206 Polan ꞩ iii M iiii c xii γ vii s x d
3148 272 4514 614 Ausgeben auf die Soldner
3346 581 4547 685 Zu Rossen vnd Zefuessen So man Zu gemainer
3334 670 4310 793 Stat notdurft aufgenomen hat
3287 772 4570 942 nota an phintztag vor Oculi auf Zehen soldner
3325 934 4545 1032 Zefuessen die man Mertten Ennthaimer die
3376 1003 4493 1104 weil er Stat Richter gewesen ist Zu hilff
3364 1091 4519 1209 vnd bewarung des Gassenfridt Zugeschaft
3369 1177 5181 1260 hat v γ d
3261 1288 4529 1424 nota Franntzen Zibser Rotmaister das gegen
3412 1414 4542 1508 wurttig Iar vt quittung auf ettlich soldner
3336 1493 4477 1593 Zefussen der man ain tail hinauf gen
3359 1579 4511 1680 Hertzogburg geschikt hat mit sambt dem
3362 1649 5182 1792 schaden vt quittung ꞩ M ii c Lxxxxv γ iii s xxvii d
5026 1729 5179 1849 i ob
3261 1815 4592 1990 nota Wolfganngen Kastner Rotmaister auf etlich
3379 1975 4520 2077 Fusknecht die man vnder die Torr vnd in
3383 2061 4535 2157 annder weg Zubewarung gemainer Statt
3371 2146 4493 2253 genutzt hat fur sold iiii c lxii γ vnd fur
3365 2216 5153 2350 schaden vii γ vi s xx d vt quittung ꞩ iiii c Lxxiiii γ vi s xx d
3301 2352 4549 2470 nota Casparn Plannkh Rotmaister auf ett
3376 2460 4486 2570 lich soldner Zefussen fur sold v c xxx γ
3360 2545 5182 2693 vnd fur schaden i γ iii s xx d ꞩ v c xxxi γ iii s xx d
3605 2739 4483 2922 Latus ii M iii c i γ vi s vii d i ob
