5454 3640
886 518 2007 679 Innemen von vergunnung
886 656 2059 769 der furpaw in der Stat vnd vor der Stat
787 754 2082 889 nota Von Casparn Zetl von wegen ains pheyler
871 871 2086 964 den er bey der K chen an seinen Haws gelegen
870 950 2081 1044 bey dem Rotenturn auf der Gassen aufge
836 1027 2615 1164 Furt vnd die Kichen damit erweit hat iiii γ d
788 1363 1988 1820 Innemen von verkaufften
921 1779 1384 1880 Hagkenpuchssen
812 1863 1943 1991 nota von Iacoben Zechmaister Zu pestorff
907 1970 1921 2085 vmb sechs Hagkenpuchsen Ye aine
891 2043 2647 2162 per i γ ꞩ vi γ d
1168 2559 1660 2776 Latus x γ d
3326 478 4524 654 Innemen darumb man Zway
3365 638 4436 739 poten Roffl verkauft hat viij̸ guldein
3384 697 5255 862 den guldein per x s xv ꞩ viiii γ vi s xxii d i ob
3303 1034 4468 1265 Suma Sumarum alles Innemens des
3396 1242 4576 1390 beraiten gelts ꞩ xx M x c li γ i d
3290 1557 4420 1828 Suma Sumarum Innemens aller
3383 1768 5231 1939 vorgeschribn Remanentz ꞩ viiii c Lxii γ iiii s viiii d i ob
3504 2379 4473 2518 Suma Sumarum alles Innemens
3478 2514 4489 2604 des beraiten gelts mit sambt alln
3375 2568 5312 2748 vorgeschribn Remanentzen ꞩ xxi M v c xiii γ iiii s x d i ob
