5519 3641
764 436 2622 618 nota Von Iacoben Newman iiii s d
765 585 2623 702 nota von Thoman Strobmair iiii s d
754 671 2625 791 nota von Niclasen Rawch tischer v s d
755 758 2649 873 nota von Hannsen Egkentaler v s d
743 848 2643 968 nota von Hannsen Winkhler iiii s d
739 936 2642 1061 nota von Linharten Puchler iiii s d
756 1021 2634 1180 nota von Thoman vischhawser iiii s d
750 1107 2619 1246 nota von Hannsen Lawburger iiii s d
727 1192 2607 1340 nota von Mathesen Dorn ii γ d
704 1276 2606 1406 nota von Iorgen Hellnprunner vi s d
726 1366 2604 1486 nota von Iorgen Graser i γ d
728 1434 2616 1598 nota von Hannsen vom grab kramer iiii s d
718 1544 2607 1669 nota von Mathesen Sleinpekh iiii s d
710 1630 2594 1762 nota von Larenntzen Ol prinner iiii s d
721 1716 2599 1845 nota von Tibolten Durß iiii s d
729 1798 2605 1954 nota von Hannsen Wolgemut v s d
716 1882 2596 2051 nota Hannsen Plodl iiii s d
711 1968 2601 2131 nota von Hannsen Heller iiii s d
738 2063 2591 2196 nota von Mertten Waitz iiii s d
734 2137 2589 2276 nota von Pernharten Seydl iiii s d
715 2220 2599 2364 nota von Conraden Goldast ii γ d
738 2312 2595 2458 nota von Wolfganngen Eysner i γ d
742 2399 2607 2567 nota von Iorgen Swertman vi s d
725 2483 2597 2642 nota von Sigmunden Furter pekhn iiii s d
737 2580 2593 2737 nota von Pangretzen Gremestettr iiii s d
750 2662 2582 2805 nota von Niclasen Gruber iiii s d
729 2737 2592 2905 nota von Hannsen Wagker ii γ d
980 2870 1762 3052 Latus xviii γ vii s d
3345 535 5259 654 nota von Walthesarn Pewgen Raif i γ d
3367 650 5280 768 nota von Hannsen Hasenwasser i vnngrisch gld
3368 736 5237 832 nota von Hannsen Stuchs sneider iiii s d
3386 821 5248 920 nota Von Thoman Eytzenperger iiii s d
3378 905 5258 1015 nota von Hannsen Vppinger iiii s d
3349 998 5253 1120 nota von E arien Rotl ii vngrisch gld
3347 1059 5219 1213 nota von Iorgen Windisch Sneider iiii s d
3342 1177 5234 1290 nota von Iorgen Hechtl iiii s d
3331 1257 5238 1364 nota von Erharten Sneider hawer iiii s d
3358 1361 5241 1453 nota von Sigmunden Pi   pperl iiii s d
3345 1447 5259 1539 nota von Colman Wendinger huter iiii s d
3351 1536 5242 1640 nota von Steffan Awer Hueter iiii s d
3345 1632 5242 1729 nota von Micheln Heuns schuster iiii s d
3339 1723 5230 1829 nota Von Wolfganngen Meuschein iiii s d
3342 1820 5243 1926 nota von Casparn Rayner iiii s d
3360 1916 5262 2024 nota von Wolfganngen Slegl iiii s d
3351 2004 5261 2109 nota von Steffan Stewrb iii s d
3360 2091 5246 2227 nota von Iorgen Khain v s d
3359 2188 5233 2308 nota von Hanns pluemer Ratin v s d
3355 2284 5245 2408 nota von Augustin PrunnerIn v s d
3339 2368 5244 2499 nota von Sigmunden Spet iiii s d
3344 2458 5235 2581 nota von Andren Krainwitter iiii s d
3339 2550 5242 2672 nota von Bertlmen Schurf vi s d
3362 2640 5289 2768 nota von Wolfganngen Pirchinger i vngrisch guld
3355 2736 5278 2873 nota Von Vlreichen Aschler iiii s d
3634 2913 4423 3117 Latus xv γ vii s xv d
