5452 3576
694 375 2054 717 Zinß vnd dienst von den hew
898 684 1913 778 sern vor Schottentor vnd anndern
911 766 1113 812 ennden
810 813 1954 910 nota von Ersam VelabrunnerIn von aim
848 908 2637 1004 haws auf der Alsserstraß xxii d
814 991 1987 1091 nota von Iorgen Arnolt pekhen von aim
884 1069 2654 1193 haws daselbs Lxxviii d i ob
780 1167 2042 1259 nota von hern Mertten Schof von seinem haws
863 1255 2622 1374 im Kumphgesslein fur Stewr vi s d
779 1354 1944 1455 nota Hainrichen Strawbinger von ainem
878 1446 2637 1549 haws in der Kater lukhen xx d
757 1538 1979 1652 nota von Iacoben Tottengersten von ainem
877 1635 2640 1756 haws daselbs vi d
789 1702 1976 1824 nota von Iorgen Kremppl von ainer hofstatt
874 1810 2605 1905 auf der Alsserstraß xii d
783 1884 2004 1991 nota Von ErnReichen Koppl von ainer Hofstat
888 1979 2618 2079 auf der Alsserstraß v d i ob
811 2057 2637 2225 nota Von Iorgen StainInger von ainer Hofstat xvi d i ob
812 2160 1915 2268 nota von pangretzen Gartner von ainer
863 2243 2594 2376 hofstat auf der Alsserstraß xlv d
802 2333 1995 2461 nota Von Iacoben Starchin von aim stadl
884 2440 2620 2557 in der Tainfoitstraß vi d
840 2507 1944 2614 nota von hern Haydenreichn dringsezz von
906 2597 1956 2717 sein haws auf der hochstraß grundt
915 2668 2616 2810 dinst xii d
1037 2801 1901 3005 Latus i γ v s xiii d i ob
3326 425 4516 651 nota Von hern Steffan von hochenberg von
3424 632 4537 750 sein haws in sand Iohannsstraß grunt
3444 717 5169 808 dinst xii d
3269 1047 4485 1372 Zinß vnnd dienst von den
3404 1333 4024 1441 Kochhutten am hof
3315 1439 5136 1575 nota von Hannsen Sybenmorgen iiii γ d
3319 1531 5157 1696 nota von Hannsen dawhenwegk iiii γ d
3279 2014 4457 2272 Zinß vnd dienst von den
3411 2251 4337 2360 Fleischpennkhen am liechtensteg
3323 2349 4504 2457 nota von den Geistlichen Frawn Zu der Hy
3401 2436 4492 2525 melporten von ainer Fleischpannkh am
3383 2506 4476 2615 Ort alt man an den liechtensteg geet
3376 2565 5153 2684 Ieori i γ d
3551 2756 4211 2963 Latus viiii γ xii d
