<?xml version="1.0" encoding="UTF-8" standalone="yes"?>
<PcGts xmlns="http://schema.primaresearch.org/PAGE/gts/pagecontent/2013-07-15">
    <Metadata>
        <Creator>prov=READ-COOP:name=PyLaia@TranskribusPlatform:version=2.33.0:model_id=417157:lm=provided:date=22_10_2025_10:57</Creator>
        <Created>2025-09-15T09:59:37.207+02:00</Created>
        <LastChange>2025-10-24T12:58:32.090+02:00</LastChange>
        <TranskribusMetadata docId="10651645" pageId="102980013" pageNr="29" status="IN_PROGRESS" userId="261754" imgUrl="https://files.transkribus.eu/Get?id=HMCHBYWYIPWEEKWWEBVSWIDC&amp;fileType=view" imageId="86350692"/>
    </Metadata>
    <Page imageFilename="102980013.tif" imageWidth="5402" imageHeight="3629">
        <TextRegion id="region_154023629" custom="readingOrder {index:0;}">
            <Coords points="0,0 2701,0 2701,3629 0,3629"/>
            <TextEquiv>
                <Unicode></Unicode>
            </TextEquiv>
        </TextRegion>
        <TextRegion id="region_254023629" custom="readingOrder {index:1;}">
            <Coords points="2701,0 5402,0 5402,3629 2701,3629"/>
            <TextLine id="tl_1759345072" custom="readingOrder {index:0;}">
                <Coords points="3324,608 3328,628 3341,637 3381,639 3426,649 3526,656 3648,659 3875,652 4025,663 4247,660 4486,665 4521,663 4541,652 4542,546 4538,533 4531,527 4495,515 4306,483 4083,495 3996,511 3923,515 3589,487 3478,464 3423,464 3373,477 3360,492 3335,542 3327,573"/>
                <Baseline points="3324,614 4542,614"/>
                <TextEquiv>
                    <Unicode>Daentgegen vnnser Ausgeben</Unicode>
                </TextEquiv>
            </TextLine>
            <TextLine id="tl_1759345065" custom="readingOrder {index:1;} unclear {offset:3;length:3;}">
                <Coords points="3318,675 3318,733 3326,749 3380,772 3444,780 3702,790 3899,786 4439,790 4555,784 4570,778 4575,768 4572,694 4559,687 4498,674 4222,658 4043,661 3883,646 3646,650 3377,638 3330,647 3321,659"/>
                <Baseline points="3318,752 4575,752"/>
                <TextEquiv>
                    <Unicode>So von als kamrer das gegen</Unicode>
                </TextEquiv>
            </TextLine>
            <TextLine id="tl_1759345067" custom="readingOrder {index:2;}">
                <Coords points="3353,782 3359,822 3366,830 3392,843 3457,856 3637,871 3864,872 4144,882 4341,882 4527,871 4585,861 4598,850 4597,794 4589,786 4570,782 3899,778 3755,783 3367,775"/>
                <Baseline points="3353,853 4598,853"/>
                <TextEquiv>
                    <Unicode>wurtig Zwayundsybentzigist Iar gehandlt</Unicode>
                </TextEquiv>
            </TextLine>
            <TextLine id="tl_1759345071" custom="readingOrder {index:3;}">
                <Coords points="3372,853 3971,853 3971,959 3372,959"/>
                <Baseline points="3372,931 3971,931"/>
                <TextEquiv>
                    <Unicode>vnd gethan haben</Unicode>
                </TextEquiv>
            </TextLine>
            <TextLine id="tl_1759345070" custom="readingOrder {index:4;}">
                <Coords points="3115,1126 3117,1181 3152,1262 3214,1332 3230,1364 3286,1429 3303,1469 3322,1493 3346,1548 3375,1577 3387,1583 3482,1602 3545,1607 3619,1619 4064,1623 4109,1615 4126,1574 4151,1541 4154,1459 4152,1447 4141,1439 4096,1428 3987,1439 3951,1451 3921,1455 3812,1457 3759,1454 3615,1412 3593,1393 3575,1350 3572,1317 3553,1245 3528,1226 3508,1202 3466,1184 3448,1181 3350,1181 3316,1176 3241,1149 3215,1131 3166,1108 3126,1110"/>
                <Baseline points="3115,1492 4154,1492"/>
                <TextEquiv>
                    <Unicode>Von ersten gen hof</Unicode>
                </TextEquiv>
            </TextLine>
            <TextLine id="tl_1759345064" custom="readingOrder {index:5;}">
                <Coords points="3289,1647 3289,1683 3295,1700 3343,1714 3397,1719 3690,1727 3956,1725 4288,1734 4498,1733 4528,1729 4536,1723 4533,1654 4499,1639 4485,1628 4429,1613 4375,1614 4298,1625 4065,1640 3939,1636 3621,1636 3496,1611 3384,1608 3339,1611 3304,1619 3293,1625"/>
                <Baseline points="3289,1701 4536,1701"/>
                <TextEquiv>
                    <Unicode>nota Herrn Conradten Holtzler Zu hannden</Unicode>
                </TextEquiv>
            </TextLine>
            <TextLine id="tl_1759345075" custom="readingOrder {index:6;}">
                <Coords points="3378,1748 3378,1762 3383,1772 3402,1781 3465,1790 3545,1796 3761,1793 3949,1809 4392,1808 4484,1804 4496,1800 4501,1790 4500,1757 4486,1750 4162,1726 3908,1722 3762,1727 3581,1721 3496,1722 3420,1728 3381,1741"/>
                <Baseline points="3378,1787 4501,1787"/>
                <TextEquiv>
                    <Unicode>vnnsers allergenedigisten Herrn n des</Unicode>
                </TextEquiv>
            </TextLine>
            <TextLine id="tl_1759345066" custom="readingOrder {index:7;}">
                <Coords points="3349,1810 3352,1817 3352,1863 3364,1868 3411,1873 3799,1881 3924,1879 4044,1883 4352,1884 4550,1882 4553,1875 4551,1834 4538,1817 4540,1814 4495,1802 4289,1803 4138,1799 3991,1805 3763,1793 3600,1795 3396,1790 3354,1795"/>
                <Baseline points="3349,1859 4553,1859"/>
                <TextEquiv>
                    <Unicode>Romischen Kaiser etc an der Schatzsteur</Unicode>
                </TextEquiv>
            </TextLine>
            <TextLine id="tl_1759345068" custom="readingOrder {index:8;} unclear {offset:41;length:1;}">
                <Coords points="3392,1880 3394,1922 3407,1936 3461,1963 3556,1971 5099,1980 5160,1977 5171,1967 5173,1947 5171,1916 5151,1907 4763,1883 3410,1872"/>
                <Baseline points="3392,1953 5173,1953"/>
                <TextEquiv>
                    <Unicode>das gegenwurttig Iar vt quittung i M v c γ d</Unicode>
                </TextEquiv>
            </TextLine>
            <TextLine id="tl_1759345063" custom="readingOrder {index:9;}">
                <Coords points="3286,2012 4550,2012 4550,2127 3286,2127"/>
                <Baseline points="3286,2096 4550,2096"/>
                <TextEquiv>
                    <Unicode>nota Virglien Schrutawer Anwalt von des</Unicode>
                </TextEquiv>
            </TextLine>
            <TextLine id="tl_1759345077" custom="readingOrder {index:10;}">
                <Coords points="3377,2122 4512,2122 4512,2225 3377,2225"/>
                <Baseline points="3377,2197 4512,2197"/>
                <TextEquiv>
                    <Unicode>Anwalts ambts wegen seinen Sold</Unicode>
                </TextEquiv>
            </TextLine>
            <TextLine id="tl_1759345076" custom="readingOrder {index:11;}">
                <Coords points="5156,2209 5150,2195 5124,2186 4810,2176 4603,2178 3862,2207 3660,2210 3571,2206 3406,2221 3391,2231 3388,2267 3397,2280 3434,2287 3790,2288 4275,2268 5126,2264 5155,2253"/>
                <Baseline points="3388,2260 5156,2260"/>
                <TextEquiv>
                    <Unicode>vt quittung C γ d</Unicode>
                </TextEquiv>
            </TextLine>
            <TextLine id="tl_1759345073" custom="readingOrder {index:12;}">
                <Coords points="3311,2314 4517,2314 4517,2422 3311,2422"/>
                <Baseline points="3311,2395 4517,2395"/>
                <TextEquiv>
                    <Unicode>nota dem Cantor Zu sand Steffan von der</Unicode>
                </TextEquiv>
            </TextLine>
            <TextLine id="tl_1759345074" custom="readingOrder {index:13;}">
                <Coords points="3380,2413 4560,2413 4560,2498 3380,2498"/>
                <Baseline points="3380,2476 4560,2476"/>
                <TextEquiv>
                    <Unicode>Knaben wegen die vor Gotzleichnam geent</Unicode>
                </TextEquiv>
            </TextLine>
            <TextLine id="tl_1759345069" custom="readingOrder {index:14;}">
                <Coords points="3379,2485 4547,2485 4547,2600 3379,2600"/>
                <Baseline points="3379,2569 4547,2569"/>
                <TextEquiv>
                    <Unicode>xl γ d vnd dem Gusster Zu sand michel</Unicode>
                </TextEquiv>
            </TextLine>
            <TextLine id="tl_1759345079" custom="readingOrder {index:15;}">
                <Coords points="5190,2615 5179,2590 5181,2568 5163,2559 4788,2551 4584,2554 4336,2577 3451,2581 3396,2590 3382,2606 3383,2641 3390,2654 3414,2662 3479,2664 4316,2662 4563,2644 4797,2635 5163,2634 5185,2628"/>
                <Baseline points="3382,2635 5190,2635"/>
                <TextEquiv>
                    <Unicode>vii γ ꞩ xlvii γ d</Unicode>
                </TextEquiv>
            </TextLine>
            <TextLine id="tl_1759345078" custom="readingOrder {index:16;}">
                <Coords points="3618,2841 3618,2881 3621,2890 3629,2897 3688,2915 3719,2920 3789,2939 3818,2943 3994,2943 4075,2938 4216,2937 4361,2924 4384,2918 4390,2913 4394,2904 4394,2818 4392,2814 4381,2808 4343,2804 4011,2797 3885,2807 3830,2807 3790,2803 3725,2785 3713,2775 3694,2765 3647,2764 3638,2765 3635,2771 3635,2779 3631,2783 3621,2817"/>
                <Baseline points="3618,2896 4394,2896"/>
                <TextEquiv>
                    <Unicode>Latus i M vi c xlvii γ d</Unicode>
                </TextEquiv>
            </TextLine>
            <TextEquiv>
                <Unicode></Unicode>
            </TextEquiv>
        </TextRegion>
    </Page>
</PcGts>
