5487 3653
882 500 2057 728 Innemen von Prattischen
917 698 1518 796 am Graben daz Iar
807 794 1584 891 nota Zu mitter Fasten vii
829 890 1572 979 nota Zu phingstenn vi
823 951 2071 1054 nota Michaelis vii tisch von Yedm
1607 1037 2072 1114 Zu yeder quatember
787 1070 2632 1249 nota Zu Weinnachten vi Lx d ꞩ vi γ iiii s d
1102 1834 2048 2150 Suma Innemen von Prattischen
1115 2146 2077 2229 am Hochenmarkht vnd am Gra
1107 2215 2104 2360 ben das Iar ꞩ xiiii γ iiii s d
3391 487 4624 702 Innemen vom Fueter Recht
3355 697 5223 821 nota von Wolfganngen Haberman viii γ d
3379 801 5198 918 nota von der Gilig RyemerInn viii γ d
3380 887 5202 1007 nota vom Cristoffen Holtzl viii γ d
3387 980 5206 1096 nota von Symon Ahorn viii γ d
3376 1067 5211 1183 nota von Sebastian Englhartster viii γ d
3401 1165 5201 1269 nota von Pangretzen Steghonner viii γ d
3391 1251 5201 1364 nota von Steffan Huppawr viii γ d
3399 1341 5213 1462 nota von Hannsen Khetner viii γ d
3409 1605 4372 1769 Suma Innemen vom Fueter Recht
3534 1742 3971 1848 ꞩ Lxiiii γ d
3345 1957 4573 2228 Innemen von der Kursner
3454 2197 3909 2280 Maisterschaft
3325 2260 5210 2395 nota von Thoman Stressl kursner i γ d
3335 2376 5180 2557 nota von Symon Wienner kursner i γ d
3365 2461 5198 2666 nota von Iorgen Zimerman Kursner i γ d
3606 2616 4108 2786 Huius iii γ d
3564 2819 4050 3047 Latus Lxvii γ d
