5464 3639
1114 469 2251 744 Innemen von den Gew
1108 726 2203 821 Fleischakhern von den plochern
1113 777 2284 915 am Graben so wir In daz Iar verlassen
1122 870 2823 1000 haben xlv γ vii s x d
3445 420 4554 608 Innemen von ettlichen perso
3433 598 4604 767 nen damit Sy Burgerrecht
3449 728 4023 813 gewunnen Haben
3315 818 5209 935 nota Von Petern Steyrer wagner i γ d
3360 929 5191 1025 nota von Cristan mulich wagner i γ d
3360 1009 5194 1114 nota von Hannsen Sundinger vi s d
3349 1088 5196 1198 nota von philippen hur nayer vi s d
3343 1172 5200 1292 nota von Hainrichen Ebmer Schefman iiii s d
3334 1267 5204 1365 nota von micheln khunttner Zingiesser vi s d
3330 1354 5207 1458 nota von Achatzen Stubintzer i γ d
3314 1437 5203 1563 nota von Iorgen lindhofer nadler iiii s d
3313 1532 5210 1634 nota von Linharten SpringInklee iiii s d
3333 1628 5206 1740 nota von Lucasen Huber Eysen Ziher iiii s d
3329 1718 4136 1821 nota von Iacoben Enntzinger
3345 1809 5225 1906 nota von Fridreichen Grunpekh iiii s d
3318 1901 5242 1998 nota von Pauln Vnger Rosawscher iiii s d
3314 1993 5211 2101 nota von Adam Myeß nestler iiii s d
3340 2079 5222 2196 nota von Linharten Velser vi s d
3325 2158 5223 2303 nota von Hannsen Kastner Verber vi s d
3355 2256 5207 2384 nota Von Iorgen Sueß kramer i γ d
3333 2347 5223 2473 nota von Mertten Wachsumt L s d
3345 2455 5230 2570 nota von Mertten Graffteter iiii s d
3331 2537 5224 2636 nota von Hannsen plannkh vischer iiii s d
3336 2628 5250 2731 nota von Linharten Halbplat v s d
3315 2714 5233 2829 nota von Linharten Abensperger vi s d
3557 2897 4217 3062 Latus xiiii γ Lx d
