5470 3634
787 535 2663 639 nota von Iorgen Rampher iiii s d
778 628 2643 735 nota von Erharten Krenstorffer iiii s d
763 729 2626 829 nota von Linharten Gerber iiii s d
784 818 1565 907 nota von Micheln Welkher
767 889 2647 998 nota von Hannsen Regkendorffer ii vngrisch gld
788 985 2638 1083 nota von Iorgen Koglspacher iiii s d
804 1068 2651 1171 nota von Thoman Zibser iiii s d
781 1159 2644 1256 nota von Micheln kramer saltzer ii γ d
767 1253 2636 1359 nota von Hannsen Parfues pekh iiii s d
778 1353 2653 1446 nota von Micheln Groblokh s ii γ d
813 1439 2630 1546 nota von Hannsen Esslinger pader iiii s d
812 1528 2641 1636 nota von Iorgen Zimerman Kursner i γ d
807 1621 2644 1732 nota von Thoman Stressl Kursner i γ d
817 1719 1867 1822 nota von Steffan Wienner kursner
791 1821 2630 1922 nota von Steffan Penntzinger iiii s d
806 1911 2624 2013 nota von Micheln Hews pekh iiii s d
824 2001 2610 2099 nota von Wolfganngen pranpekh i γ Lx d
808 2090 2646 2200 nota von Hannsen Frannkh vi s d
815 2182 2613 2317 nota von Hannsen Lontinger iiii s d
809 2275 2620 2413 nota von Anndren Harttinger iiii s d
839 2364 2614 2497 nota von Sebastian Rawsch iiii s d
818 2457 2642 2586 nota von Erharten Messinger iiii s d
851 2551 2620 2691 nota von Philippen Sangrer i γ d
840 2635 2631 2785 nota von Mathesen Gletzl iiii s d
815 2721 2634 2869 nota von Cristoffen Tawbentzagl i vngrisch gulden
1131 2889 1974 3055 Latus xvi γ iii guld vnngrisch
3276 499 5149 684 nota von Vlreichn Greiffenoder iiii s d
3318 638 4453 750 nota von Iorgen Listner ain kuphreine
3433 750 3884 825 hanntpuchsen
3287 808 5188 927 nota von Steffan winkhler iiii s d
3281 925 5188 1033 nota von Pauln Kekh ii gld
3299 994 5189 1103 nota von Thoman Egrer vi s d
3289 1110 5266 1224 nota von Hannsen Ainholtz ii vngrisch guld
3288 1202 5243 1329 nota von Cristoffen Stainperger i vngrisch guld
3296 1297 5235 1430 nota von Hannsen Notl iiii s d
3301 1384 5231 1511 nota von Hannsen Tuchler i γ d
3293 1482 5229 1618 nota von Hannsen Kettner ii vngrisch guld
3485 1816 4494 2014 Huius iii γ iii s vii guld vnngrisch
3531 1993 4313 2135 vnd ain hanntpuchsen
3424 2386 4490 2571 Suma Innemens vom Burger Recht
3467 2570 4477 2665 das Iar ꞩ Lxviii γ iii s xv d vnd
3459 2656 4500 2781 x gulden per xj̸ s bringt alles Lxxvi γ
3491 2752 3860 2874 iiii s xv d
