5507 3612
828 565 2074 699 nota von der Veyal Fleischakher Inn von Zwain
907 686 2021 791 pennkhen daselbs am liechtensteg Ieo
933 731 2646 847 ri ii γ d
1095 913 1664 1077 Huius ii γ d
1002 1558 2003 1744 Suma Innemens allerlay Zins vnd
999 1735 2034 1834 dinst von Hewsern Kremen Turnen
976 1809 2051 1940 Krewsserin Hewhutten Raissteten Koch
987 1906 2012 2019 huttn vnd schregen mit sambt den
970 1995 2029 2111 Fleisch penkhen am liechtensteg daz
968 2069 1993 2235 Iar ꞩ C Lxxxv γ viii d i ob
3406 401 4579 638 Innemen von dem hindern
3417 628 4561 718 Frawnhaws dauon man alle wochen
3420 707 4575 806 gibt viiii s d vnd die nemen dy Schergen
3445 779 3830 883 fur Irn sold
3299 1412 4508 1764 Innemen von den prat
3430 1746 4333 1844 Tischen am Hochenmarkht
3351 1850 4079 1956 nota Zu Mitterfasten vii
3350 1948 4078 2041 nota Zu phingsten viii
3356 2036 4093 2133 nota Zu sand Michelstag vii
4136 1990 4580 2074 tisch von yedem
4142 2071 4625 2146 Zu yeder quatember
3367 2132 5242 2263 nota Zu Weinnachten vi Lx d ꞩ vii γ d
