4813 3809
647 429 2008 642 Dergleichen bemellten FunffundZwain
711 597 2008 768 Zigisten Maii emphienngen die Collabo
756 725 2005 878 ratores Zu Sannct Steffan der Quot
742 852 2442 1011 ember Besoldung Phingsten Vt ꜩ f. 32. s. d.
585 1175 1955 1395 Herr Magister Benedictus Clainschnitz
669 1363 2007 1517 Schuelmaister hab ich auch dito Auf sein begern
717 1479 2447 1630 halbe Iars besoldung Zuegestellt vt ꜩ f. 50. s. d.
647 1828 1984 2000 Den Viertzehennden Iulii dises FunfZechen
693 1965 1948 2130 hunndert vnnd Vierundsechtzigisten
646 2103 1971 2244 Iars hab ich dem Sebastian Reindl Colla
684 2225 2024 2346 borator bey S Steffan an sainer besold
728 2328 1939 2475 ung Michelis Laut Quitung Zuege
740 2447 2442 2616 stellt Funff Phundt Phening Idest f. 5. s. d.
639 2772 1873 3193 Latus 87 f. s. d.
2731 520 4092 730 Item den Zwaintzigisten Sebtembris hab
2784 701 4059 833 ich den dreyen Herrn Magistris Vnnd
2809 807 4048 955 Collegaten bey S. Steffanns schuel Ier
2810 939 4069 1064 Quotember besoldung Michelis gegen
2824 1039 4652 1207 Quitung betzallt iedem drey Zechen f 39 s. d.
2741 1435 4073 1588 Den ersten tag Octobris hab ich auf ainen
2749 1561 4089 1713 Rathschlag den Collaberatorii Zu Sanct
2786 1692 4078 1834 Steffan Ieren Zinns aus ieren herberig
2812 1813 4088 1954 en Weill die Communion in der Burger
2812 1926 4081 2084 schuell nit erbaut ist Iedem Vier Phund Phen
2834 2047 4648 2234 ning Thuet vt Quitung f. 16. s. d.
2770 2425 4074 2575 Idem den bemellten Collaboratorii Iere
2792 2556 4071 2730 Quotember Besolldung Michelis Nembt
2784 2860 4029 3291 Latus 55 f. s. d.
