<?xml version="1.0" encoding="UTF-8" standalone="yes"?>
<PcGts xmlns="http://schema.primaresearch.org/PAGE/gts/pagecontent/2013-07-15">
    <Metadata>
        <Creator>prov=READ-COOP:name=PyLaia@TranskribusPlatform:version=2.24.0:model_id=306733:lm=provided:date=25_03_2025_10:32</Creator>
        <Created>2025-03-24T10:37:52.951+01:00</Created>
        <LastChange>2026-01-15T11:47:06.969+01:00</LastChange>
        <TranskribusMetadata docId="7594153" pageId="93894602" pageNr="135" status="GT" userId="261754" imgUrl="https://files.transkribus.eu/Get?fileType=view&amp;id=UFLKWIOESLLEGRGDIJZBBZRP" imageId="78539387"/>
    </Metadata>
    <Page imageFilename="93894602.tif" imageWidth="4842" imageHeight="3739">
        <ReadingOrder>
            <OrderedGroup id="ro_1742928921148" caption="Regions reading order">
                <RegionRefIndexed index="0" regionRef="region_148423739"/>
                <RegionRefIndexed index="1" regionRef="region_248423739"/>
            </OrderedGroup>
        </ReadingOrder>
        <TextRegion id="region_148423739" custom="readingOrder {index:0;}">
            <Coords points="0,0 2421,0 2421,3739 0,3739"/>
            <TextEquiv>
                <Unicode></Unicode>
            </TextEquiv>
        </TextRegion>
        <TextRegion id="region_248423739" custom="readingOrder {index:1;}">
            <Coords points="2421,0 4842,0 4842,3739 2421,3739"/>
            <TextLine id="tl_1742811880" custom="readingOrder {index:0;} headline {offset:0; length:38; continued:true;}">
                <Coords points="2528,618 2528,759 2532,778 2558,794 2990,809 3515,807 3737,793 3998,786 4032,779 4084,737 4136,650 4137,567 4074,556 3941,503 3929,490 3921,463 3881,429 3866,395 3844,380 3789,372 3452,370 3400,356 3339,350 3286,332 3003,328 2938,311 2879,285 2854,258 2836,251 2722,238 2687,256 2650,301 2643,339 2635,508 2599,529 2569,572 2534,593"/>
                <Baseline points="2528,664 4095,664"/>
                <TextEquiv>
                    <Unicode>Auf die Vber</Unicode>
                </TextEquiv>
            </TextLine>
            <TextLine id="line_1742818295865_1774" custom="readingOrder {index:1;} headline {offset:0; length:38; continued:true;}">
                <Coords points="3162,795 3306,784 3434,783 3564,772 3682,755 3792,755 3792,873 3759,874 3599,865 3449,877 3162,879"/>
                <Baseline points="3162,848 3792,848"/>
                <TextEquiv>
                    <Unicode>geher der Weingarten etc.</Unicode>
                </TextEquiv>
            </TextLine>
            <TextLine id="tl_1742811885" custom="readingOrder {index:2;}">
                <Coords points="4100,1100 4067,1068 4054,1063 3914,1059 3869,1062 3790,1082 3736,1089 3455,1091 3218,1106 2853,1078 2806,1087 2793,1095 2788,1124 2788,1176 2792,1187 2802,1194 2849,1204 3422,1198 4039,1176 4061,1173 4099,1183"/>
                <Baseline points="2788,1167 4074,1167"/>
                <TextEquiv>
                    <Unicode>Dises Funntzechen Hunndert vnnd vierunndsech</Unicode>
                </TextEquiv>
            </TextLine>
            <TextLine id="tl_1742811892" custom="readingOrder {index:3;}">
                <Coords points="4084,1203 4050,1189 4040,1186 3809,1185 2864,1204 2855,1209 2852,1249 2857,1254 3827,1250 4039,1243 4082,1242"/>
                <Baseline points="2852,1236 4056,1236"/>
                <TextEquiv>
                    <Unicode>Zigisten Iars seinnt nachuolgende Personen Zu vb</Unicode>
                </TextEquiv>
            </TextLine>
            <TextLine id="tl_1742811883" custom="readingOrder {index:4;}">
                <Coords points="2846,1245 4025,1245 4025,1364 2846,1364"/>
                <Baseline points="2846,1332 4025,1332"/>
                <TextEquiv>
                    <Unicode>ergeernder Weingarten gebraucht worden etc.</Unicode>
                </TextEquiv>
            </TextLine>
            <TextLine id="tl_1742811890" custom="readingOrder {index:5;}">
                <Coords points="2735,1574 2735,1633 2745,1704 2775,1742 2809,1752 3131,1753 3298,1744 3536,1745 3766,1734 4051,1713 4070,1704 4101,1701 4098,1635 4016,1593 3713,1539 3525,1532 3429,1511 3377,1512 3323,1528 3301,1548 3266,1561 3250,1576 3191,1591 3137,1588 3059,1563 2948,1545 2818,1534 2756,1535 2741,1548"/>
                <Baseline points="2735,1691 4074,1691"/>
                <TextEquiv>
                    <Unicode>Nemblichen Hanns Zerer Vnnd Hans Pair</Unicode>
                </TextEquiv>
            </TextLine>
            <TextLine id="tl_1742811879" custom="readingOrder {index:6;}">
                <Coords points="4107,1764 4079,1751 4034,1741 3938,1734 3745,1741 3646,1740 3509,1766 3462,1765 3375,1752 3159,1753 3062,1759 2848,1758 2804,1767 2792,1777 2787,1807 2790,1829 2787,1860 2790,1870 2800,1876 2844,1879 3108,1878 3240,1864 3279,1864 3372,1875 3459,1850 3508,1849 3583,1858 3683,1851 3835,1856 3931,1845 4061,1840 4073,1837 4106,1825"/>
                <Baseline points="2787,1842 4090,1842"/>
                <TextEquiv>
                    <Unicode>ist iedem die wochen ain Phundt furt durchs</Unicode>
                </TextEquiv>
            </TextLine>
            <TextLine id="tl_1742811887" custom="readingOrder {index:7;}">
                <Coords points="4089,1899 4079,1881 4031,1869 3895,1852 3742,1845 3570,1851 3461,1849 3381,1865 3233,1861 3109,1872 2874,1873 2822,1878 2809,1883 2804,1899 2807,1952 2803,1962 2804,1975 2809,1981 2846,1987 2956,1977 3151,1982 3239,1971 3341,1967 3415,1974 3464,1991 3508,1999 3614,1999 3695,1992 3753,1994 3852,1983 3956,1962 4072,1946 4087,1939"/>
                <Baseline points="2803,1959 4089,1959"/>
                <TextEquiv>
                    <Unicode>Iars Zwayundfunftzig Phund Phenning</Unicode>
                </TextEquiv>
            </TextLine>
            <TextLine id="tl_1742811888" custom="readingOrder {index:8;}">
                <Coords points="4063,1983 4056,1969 4042,1964 3919,1965 3778,1981 3640,1991 3560,2009 3517,2013 3053,1990 2931,1990 2884,1998 2830,2014 2824,2025 2825,2084 2834,2090 2875,2094 3042,2088 3263,2094 3453,2085 3556,2088 3683,2080 3851,2088 3999,2086 4033,2078 4057,2067 4064,2032"/>
                <Baseline points="2824,2060 4064,2060"/>
                <TextEquiv>
                    <Unicode>besoldung gegeben worden thuet Also</Unicode>
                </TextEquiv>
            </TextLine>
            <TextLine id="tl_1742811889" custom="readingOrder {index:9;}">
                <Coords points="4045,2144 4042,2129 3995,2105 3896,2091 3686,2082 3620,2089 3546,2107 3470,2108 3407,2107 3324,2091 3281,2088 3102,2087 2831,2111 2822,2121 2825,2178 2822,2203 2830,2215 2850,2220 2980,2225 3067,2234 3154,2233 3230,2219 3313,2212 3623,2197 3712,2198 3833,2211 3899,2212 3983,2203 4031,2193 4039,2188 4044,2177"/>
                <Baseline points="2822,2196 4045,2196"/>
                <TextEquiv>
                    <Unicode>Hannsen Zerers besoldung dises ietzt ge</Unicode>
                </TextEquiv>
            </TextLine>
            <TextLine id="tl_1742811886" custom="readingOrder {index:10;}">
                <Coords points="4076,2268 4071,2252 4014,2235 3839,2220 3747,2207 3615,2202 3432,2220 3270,2225 3217,2236 3191,2246 3140,2254 2875,2258 2861,2263 2854,2272 2853,2316 2856,2327 2867,2333 2920,2338 3058,2342 3169,2351 3455,2352 3532,2339 3665,2327 4057,2300 4074,2293"/>
                <Baseline points="2853,2313 4076,2313"/>
                <TextEquiv>
                    <Unicode>mellten Funftzechenhundert vnd Vier</Unicode>
                </TextEquiv>
            </TextLine>
            <TextLine id="tl_1742811882" custom="readingOrder {index:11;}">
                <Coords points="4100,2396 4066,2357 4056,2344 4010,2330 3843,2329 3511,2339 3393,2353 3317,2352 3225,2360 3060,2350 2903,2351 2863,2357 2850,2363 2845,2392 2845,2449 2852,2459 2873,2465 3092,2478 3391,2477 3617,2467 3867,2462 4014,2471 4051,2468 4069,2472 4104,2467"/>
                <Baseline points="2845,2440 4069,2440"/>
                <TextEquiv>
                    <Unicode>undsechtzigisten Iars Zwayundfunftzig</Unicode>
                </TextEquiv>
            </TextLine>
            <TextLine id="tl_1742811893" custom="readingOrder {index:12;}">
                <Coords points="4689,2463 4678,2452 4645,2446 4477,2437 4253,2436 4185,2440 4062,2465 3998,2470 3701,2465 3296,2476 2913,2470 2853,2475 2831,2484 2825,2499 2828,2592 2854,2608 3007,2603 3314,2627 3578,2589 3729,2580 4057,2587 4149,2615 4169,2632 4646,2634 4672,2630 4688,2615"/>
                <Baseline points="2825,2583 4689,2583"/>
                <TextEquiv>
                    <Unicode>Phunndt Phening sich betzallt Idest f. 52. s. d.</Unicode>
                </TextEquiv>
            </TextLine>
            <TextLine id="tl_1742811881" custom="readingOrder {index:13;}">
                <Coords points="2836,2969 2835,3050 2840,3083 2864,3130 2875,3187 2902,3209 2914,3227 2958,3235 3262,3234 3350,3198 3406,3167 3477,3142 3547,3135 3739,3092 3823,3085 3876,3069 3884,3050 3884,2887 3879,2873 3863,2866 3750,2866 3698,2878 3634,2882 3601,2894 3550,2898 3493,2911 3414,2917 3363,2927 3268,2928 3243,2922 3213,2908 3198,2889 3173,2872 3160,2841 3140,2830 3123,2806 3070,2791 3007,2790 2954,2800 2911,2823 2898,2851 2873,2870 2863,2921 2842,2950"/>
                <Baseline points="2835,3123 3884,3123"/>
                <TextEquiv>
                    <Unicode>Latus per Se.</Unicode>
                </TextEquiv>
            </TextLine>
            <TextEquiv>
                <Unicode></Unicode>
            </TextEquiv>
        </TextRegion>
    </Page>
</PcGts>
