4844 3744
665 420 1936 616 Vnnd Zwaintzigsten Ianuarii gegen
677 584 2384 713 Quittung Zuegestellt Thuet in f. 34 s. d.
641 919 1932 1089 Den dreyund Zwaintzigisten Februarii
680 1073 1945 1206 hab ich den Collegaten in der Burgerschuell
688 1183 1950 1299 der Quotember besoldung Reminiscere
696 1268 2404 1445 gegen Quitung enntricht vnnd betzallt f 39. s. d.
653 1668 1942 1817 Mer den Vierund Zwaintzigisten Februa
683 1797 1958 1925 rii den Collaborntorii Zu S. Steffan
701 1874 2409 2053 Ier Besolldung Vt Quitung den f. 32. s. d.
698 2262 1941 2428 Den ZwenundZwaintzigisten tag Abrill
740 2404 1968 2570 is hab ich dem Paull hoffer mullner Zu S.
724 2723 1896 3146 Latus 105 f. s. d.
2760 452 4087 644 Annaberg Von wegent saines Sohns Georg
2771 610 4079 749 widmers gewesten Collaborator Zu S.
2793 742 4062 879 Steffan seligen so alhie gestorben sein Quot
2810 856 4050 1007 tember Besoldung weinachten des Vert
2840 975 4086 1125 igen dreyundsechtzigisten Iars verual
2849 916 4648 1277 len gegen Quitung Zuegestellt f. 8. s. d.
2713 1452 4055 1643 Mer hab ich dem maister Leonharten Rigl
2804 1618 4106 1748 schloßer fur merlay Arbait so er den Zwain
2832 1734 4081 1878 Zigisten Maii in die Burgerschuell Inhalt
2825 1656 4658 2035 geuertigten Particulars betzallt f 1. s. 6. d 14.
2779 2229 4075 2389 den Funffund Zwaintzigisten Maii haben
2803 2368 4093 2515 die herrn Magistri Vnnd Collegaten Ir
2744 2479 4705 2686 Quotember gellt Phinngsten emphangen vt ꜩ f. 39. s. d.
2876 2827 3932 3217 Latus 48 f 6 s 14 d.
