5415 4295
3329 202 4238 594 Außgab
3225 729 4441 908 Auf abgang und bößes Geldt
3151 1004 4554 1149 Alhier bringe ich in Außgab
3213 1143 4417 1236 den mir Vor diß 728te
3222 1230 4465 1320 Iahr gebührent gewöhnlichen
3250 1301 5196 1447 Münz Verlust mit 60 f. - kr
3226 1521 4507 1662 Item Zalte ich dem Herrn
3265 1659 4447 1753 Antonio Friderich Schweitzer
3229 1748 4567 1836 Ober Camer Ambts Remanenzern
3231 1830 4549 1914 seinen ihme pro 727. Zue helffte
3226 1906 4498 1981 per 15 f. außständig gewest
3221 1984 4521 2070 die auch Vor diß iahr völlig
3218 2065 4563 2147 gebührenten Münz Verlust
3238 2123 5187 2279 Laut Quittung mit 45 f. - kr
4438 2324 5205 2468 105 f. - kr
3490 2338 4263 2533 Summa per Se.
