5225 4184
828 614 2148 736 Dupagierische behaußung undt
806 705 2156 811 gartten in der Rossau auß
795 802 2088 890 geferttigte sätz gemr. Statt
798 896 2000 974 pleno Iure Cedieret ) Zusamben
808 975 2052 1058 also bezalt wordten Vermög
811 1054 2055 1141 Raths Decret undt darbey alle
794 1127 2051 1216 gierten Zweyen Reg. Decreten
807 1214 2028 1294 d. d. 23 April undt 24 Maii 728
802 1278 2070 1380 sambt Herrn Dupaguiers Quit
795 1182 2611 1458 tung hiebey 18000 f. - Xer
819 1491 2113 1593 N3. die original obligation wie auch
822 1585 2081 1672 Cedierte sätz werdten bey dem
822 1670 2035 1771 ambts inventario aufbehalten
812 1875 2071 2017 Den Ersten Septemb. Zalte
820 2002 2072 2092 ich dem Herrn Frantz Antoni
819 2091 2001 2167 Rhein Oberraitthandlern
822 2171 1975 2256 die Von bey. theresia
813 2256 1951 2337 Hökhlin anuor Käplerin
810 2339 1996 2420 seel. dero hinterlassenen
823 2417 2047 2503 töchterl Iosepha Käplerin pro
819 2507 2018 2591 Materna Legiert undt vntern
810 2589 2105 2680 30 7tber. 723. Zu h. Obrerditt.
798 2678 2005 2760 handler per Feiffers handten
805 2741 2022 2847 erlegt derzeit aber nicht be
775 2849 2030 2930 findtlich gewest mithin von
776 2923 2044 3019 Einem Löbl. Statt Rath so interim
796 3003 2089 3095 auß dem Ober Camer ambt
804 3095 2017 3173 Zu bezallen bewilligte 50 f.
823 3172 2078 3266 sambt dem von 30 7tbr. 723.
1986 3131 2616 3434 18000 f. - kr
3083 607 4255 729 biß anheunt auf 4 Iahr
3083 718 4365 813 11 Monnat betragenden Intee.
3073 817 4316 893 per 12 f. 17 kr. Zusamben
3070 887 4330 978 also Laut Quittung undt 2.
3084 966 4277 1060 berathschlagten Raitthandler
3095 997 5006 1146 berichten 62 f. 17 kr
3072 1195 4360 1319 Eodem dato Zalte ich ihme Herrn
3094 1318 4282 1405 Oberraitthandler die Von
3081 1402 4379 1496 Wey. benedict Trostmayr gewesten
3072 1491 4362 1570 Schneider gesellen undt Leedigen
3088 1571 4311 1641 tomdts alhier seel. seinen
3079 1626 4349 1718 Götten benedict bekh beschaffte
3097 1709 4325 1798 auch vntern 9ten Xber. 726.
3097 1791 4356 1879 Zu h. per Feiffers handten erlegt
3107 1867 4361 1958 undt derzeit gleichfahls nicht
3094 1954 4302 2046 befindtlich geort folglichen
3064 2030 4307 2121 Von Einem Löbl. Statt Rath
3085 2118 4347 2201 p. interim auch auß dem Ober
3089 2195 4281 2279 Camer Ambt Zu bezallen
3098 2268 4336 2365 bewilligte 100 f. sambt dem
3059 2338 4312 2446 Von 9ten Xber. 726. biß
3080 2435 4303 2522 anheunt auf ain iahr 8.
3104 2516 4312 2608 Monnat 22 tag betragenden
3109 2601 4353 2702 Intee. per 8 f. 38 kr Zusamben
3115 2680 4349 2776 Laut Quittung undt 2. Raitt
3097 2763 4986 2868 Camer berichten 108 f. 38 " -
3116 2890 4369 3004 Notandum daß solche vorstehendte
3126 2999 4345 3084 2. posten von der Raitt Camer
3121 3071 4429 3159 widerumben de novo angelegt undt
3113 3145 4350 3229 hireumben ein ordentliche Ober
3104 3221 4302 3301 Camer ambts obligatio ad Cameram
3128 3289 4091 3380 außgeförttiget wordten
4291 3374 5038 3479 170 f. 55 kr
